3020 4844
589 511 853 576 antummum.

168 674 269 747 ficubus
298 664 435 725 irridetur
454 663 501 735 (9).
543 663 705 720 Suburbona
728 664 859 732 Byzarstii
883 659 1014 736 aedificta
1032 661 1205 735 diripiuntur
1221 681 1248 722 et

170 739 365 798 incenduntur.
394 737 442 807 opi
464 752 507 789 cet
530 734 691 786 latinorum
718 731 800 787 aedes
827 731 966 804 direpturi
991 734 1061 788 mala
1079 735 1247 799 multantur,

169 813 217 870 sed
232 832 284 886 pro
302 808 415 863 meritis.
452 807 588 857 atinornm
605 808 693 857 solers
708 804 959 873 commentum(to).

239 884 295 935 Les.
308 881 340 931 11.
376 877 480 931 lsaacii
491 876 590 943 Angeli
607 876 636 926 in
648 874 764 926 Blacltos
776 872 921 943 expeditio.
943 869 1067 926 Conradi
1080 872 1207 928 Caesaris
1216 879 1249 928 in

169 954 330 1008 Palaestina
349 949 484 1001 interitus.
502 944 565 997 idco
586 941 620 996 dc
640 943 800 995 Cbasiorusn
818 941 939 996 audacte
958 944 1095 997 narratio.
1115 946 1249 999 Graecia
1304 945 1306 948 ⁴

170 1022 282 1077 Blatlsis
298 1016 464 1078 caeduntur,
482 1028 508 1068 et
527 1016 650 1066 lutacius
665 1010 759 1084 pedem
778 1014 882 1086 referre
900 1014 1010 1083 cogitur
1025 1015 1072 1081 (ι).
1109 1014 1248 1069 Theodora·

169 1090 344 1162 nangaplsoe
362 1088 503 1158 imperinni
519 1083 675 1155 afflctantis
691 1081 817 1153 dejectio.
835 1084 859 1133 is
876 1102 893 1136 a
911 1085 1020 1135 sultano
1035 1079 1161 1153 proditus
1181 1103 1248 1139 con·

169 1165 267 1217 licitur
285 1164 317 1212 in
335 1174 471 1209 carcerem
490 1156 536 1223 (a).
581 1151 719 1208 friderici
735 1153 921 1206 Borboroesae
948 1155 978 1205 in
996 1153 1182 1206 Palaestinam
1200 1173 1248 1211 ea·

165 1232 280 1302 peditio.
304 1230 392 1297 legnti
413 1222 563 1278 vaecordes
583 1222 752 1276 fridericum
781 1235 808 1276 ct
826 1223 964 1276 isaacium
982 1223 1159 1276 committunt.
1194 1233 1248 1279 Ar-

166 1304 319 1355 meniorum
335 1311 362 1352 et
388 1299 598 1349 Alemannotum
618 1295 648 1345 in
673 1292 811 1363 religione
829 1294 972 1347 consensio
993 1293 1042 1361 (3).
1076 1294 1247 1348 Mutationes

165 1374 267 1426 eras-iac
283 1374 315 1423 in
331 1362 516 1423 ecclesiastico
530 1374 604 1418 statu
615 1374 682 1415 tunc
698 1362 843 1434 temporis,
862 1361 1004 1416 et'lsaacii
1020 1363 1139 1416 astutiae
1156 1367 1187 1418 in
1205 1366 1249 1418 lois

166 1440 364 1495 mutationibus
381 1435 534 1506 descriptae
551 1434 598 1499 (ll.
639 1432 827 1485 Protostsator
842 1432 987 1486 Fridcrico
995 1431 1110 1501 frustra
1127 1432 1247 1488 insidia·

167 1527 222 1565 tur.
261 1508 364 1563 Graeci
380 1506 523 1588 sugantur
545 1502 580 1559 ab
606 1501 786 1563 Alemannis,
796 1501 855 1623 pai
870 1504 1085 1554 inconstantiam
1103 1504 1247 1573 supet-lata

165 1583 273 1635 Isaacii
292 1591 472 1647 experiuntur
489 1587 513 1626 et
524 1569 650 1627 derident
661 1574 708 1633 (5).
745 1573 796 1625 Fui
816 1573 886 1625 erici
905 1572 937 1622 in
948 1572 1084 1625 Orientem
1100 1574 1247 1638 traiectus,

165 1670 223 1707 non
240 1661 390 1702 aversante
409 1647 528 1699 isaacio.
556 1639 836 1712 philadelphiensium
855 1639 976 1725 perfidia
995 1650 1022 1693 et
1038 1640 1248 1697 Laodicensium

164 1720 348 1792 hospitalitas.
385 1715 492 1769 Tuscae
516 1710 636 1783 perfidos
653 1710 812 1766 Fridericus
829 1712 955 1763 maximis
972 1707 1081 1764 damnis
1097 1712 1184 1784 afficit
1196 1717 1245 1784 (6).

164 1794 263 1862 Pugna
282 1783 422 1843 Frideriti
439 1783 480 1838 ad
493 1785 627 1837 Iconium.
669 1783 842 1846 Alamannici
859 1778 999 1835 cuiusdam
1020 1778 1112 1833 lterois
1142 1785 1245 1838 orsitu-

164 1860 200 1915 do
221 1860 271 1930 <7)·
318 1854 456 1910 Friderici
478 1853 623 1907 submersio
652 1864 678 1904 et
706 1854 882 1921 praeclarum
898 1852 1025 1922 elogium.
1043 1852 1101 1905 eius
1122 1871 1163 1905 em
1178 1854 1243 1922 filio

163 1943 272 1983 mortuo
289 1927 439 1982 Alemanni
453 1925 534 1980 rebus
553 1922 662 1995 insectis
679 1919 784 1974 domum
802 1920 924 1975 redeunt.
959 1922 1130 1976 Francorum
1142 1935 1168 1976 et
1186 1929 1245 1978 An·

163 2002 272 2073 giorum
289 1994 427 2064 expeditio
445 1997 476 2049 in
493 2008 596 2047 terram
618 2006 741 2045 sanctam
759 2009 841 2063 quara
857 2001 964 2043 uocant
980 1991 1028 2059 (8).

235 2070 293 2121 Ltn.
311 2068 357 2119 ΙΙΙ.
392 2066 498 2119 Isaacii
506 2064 622 2137 familia
640 2074 666 2116 tt
682 2060 812 2114 diuturni
827 2062 938 2129 imperii
957 2060 1128 2130 imaginatio.
1161 2062 1246 2115 Pseu·

162 2137 271 2195 doletii
290 2136 389 2191 seditio
402 2148 427 2189 et
447 2137 576 2187 interitus
596 2133 643 2203 (ι).
680 2131 798 2186 Alterius
820 2129 999 2197 Pseudalerii
1015 2142 1042 2184 et
1055 2129 1158 2184 Basilii
1175 2132 1245 2185 cno-

161 2227 213 2263 aae
240 2208 356 2264 crebrae
383 2203 533 2258 seditiones
560 2216 587 2256 et
611 2204 733 2256 exitium.
749 2217 892 2272 procerum
921 2200 1117 2253 nonnullorum
1136 2202 1244 2272 suppli·

162 2281 207 2331 cia
222 2280 274 2348 (π).
313 2271 412 2329 Clades
430 2274 533 2326 lsaacti
549 2275 581 2325 in
599 2271 733 2324 Blaclsica
750 2268 931 2342 expeditione.
966 2272 1130 2325 Hannonem
1147 2269 1243 2325 imita·

160 2362 203 2402 tus
215 2346 327 2420 salsam
358 2344 447 2396 iactat
468 2343 624 2396 uictoriam.
643 2353 670 2394 et
697 2342 798 2394 inanes
816 2356 980 2411 magnarum
997 2356 1086 2394 rerum
1104 2339 1243 2411 imagina-

159 2420 250 2474 tiones
273 2416 322 2486 (3).
352 2413 527 2467 blachorum
557 2425 585 2464 et
602 2410 763 2479 Scytlsasum
782 2410 979 2479 grassationes.
1015 2410 1172 2464 Sauiontns
1193 2412 1244 2464 l'e·

160 2507 252 2559 panus
272 2487 373 2540 uictus.
417 2483 613 2536 Constantiana
635 2480 757 2550 Angelus
782 2481 913 2549 repressis
933 2477 1047 2534 Blacltis
1064 2479 1175 2552 inflectat
1191 2482 1243 2534 im·

158 2560 288 2629 perium,
310 2553 361 2608 sed
375 2551 482 2607 derisus
499 2572 517 2605 a
535 2554 648 2604 Rototte
665 2562 691 2601 ct
712 2567 729 2599 a
741 2549 828 2602 milite
844 2547 971 2621 proditus
988 2562 1175 2615 excaecante,-
1190 2570 1243 2604 un·

161 2628 194 2680 de
210 2625 328 2681 lllacltis
352 2621 484 2695 gaudium
509 2634 536 2675 et
553 2624 719 2674 Graecorum
736 2619 917 2671 subsannatio
935 2617 983 2689 (4).
1019 2615 1125 2671 lsaaeii
1141 2636 1243 2673 vecor-

159 2696 217 2751 dia.
257 2692 396 2750 Theodori
420 2689 622 2747 Casiamonitao
643 2691 768 2760 potantia
785 2700 811 2740 ct
829 2689 965 2742 interitus.
984 2688 1066 2757 pueri
1081 2685 1137 2741 duo
1155 2690 1242 2760 impe-

160 2781 271 2821 ratores
297 2765 334 2815 im
384 2765 439 2815 ium
466 2761 662 2816 administrant
679 2762 726 2827 (5).
764 2758 859 2811 Lusus
874 2770 902 2811 et
918 2759 1039 2827 ineptiae
1057 2759 1178 2820 letacii,
1197 2774 1242 2813 at·

159 2836 264 2959 quccdzs
282 2851 316 2917 aa
339 2832 421 2903 'ficiis
435 2832 553 2953 publicis
565 2849 604 2952 lac
619 2831 741 2951 priuatis
760 2829 885 2881 immensi
899 2840 1019 2950 sumptdns
1038 2827 1092 2948 (633
1102 2827 1241 2952 tliiwdm

159 2918 605 3042 &solistssf'mn‘s‘inii‘l
631 2916 978 3040 :22:5250355.”⁰lot³;5³:
986 2915 1101 3038 ((2...ἱέ
1118 2917 1243 3023 „ab

158 3041 192 3096 de
191 3047 302 3114 jratsit
315 3040 434 3096 insidiis.
452 3040 608 3092 Basiiacius
618 3039 816 3112 satuuevates
826 3039 936 3092 isaacio
952 3038 1175 3091 eacaecationem
1191 3037 1242 3094 de·

158 3114 271 3168 masiae
289 3114 338 3182 (8).
372 3116 397 3164 A
409 3111 501 3181 fratre
511 3109 609 3162 Alesia
621 3109 746 3161 isaacius
762 3108 877 3177 imperio
896 3118 924 3160 et
941 3107 1030 3161 oeulis
1044 3106 1176 3176 privatur
1192 3106 1234 3179 (9)

199 3271 267 3335 1)ss
295 3270 495 3333 ALExlo
523 3266 772 3331 COMNENO
797 3265 988 3328 tsnnctt
1010 3265 1197 3332 ANGELl

590 3382 800 3446 FRATRE.

227 3517 283 3570 Lea.
304 3516 326 3567 1.
373 3517 540 3570 Graecorum
567 3517 600 3569 in
625 3517 729 3569 isoncii
751 3513 868 3568 aduerso
894 3533 960 3567 casn
990 3511 1109 3584 affictus.
1144 3514 1239 3569 Altaii

158 3584 339 3661 parricidae,
365 3587 433 3637 noui
454 3587 645 3655 imperatoris,
677 3585 868 3657 ptoflssiones,
900 3597 925 3636 ct
946 3585 1134 3655 reipublicae
1166 3599 1236 3638 cure

158 3656 321 3729 posthabita.
359 3654 575 3726 Contostepbani
590 3656 683 3708 Alexii
708 3654 806 3709 seditio
827 3654 990 3726 opprimitur
1007 3653 1046 3723 (s)
1090 3653 1202 3706 Aleaius
1217 3670 1237 3707 a

160 3730 265 3781 mnis
280 3744 332 3797 pcr
351 3724 438 3776 malas
462 3735 536 3776 artes
554 3737 682 3794 acceptus
706 3726 737 3802 in
755 3725 845 3795 tte-bem
864 3722 1022 3792 ingreditur
1046 3722 1166 3791 infelicis
1184 3725 1237 3775 im·

126 3832 131 3837 -
158 3800 231 3866 parii
249 3797 345 3849 onina
361 3799 409 3861 (a).
443 3795 542 3862 Angeli
566 3806 772 3863 cognomentum
790 3795 901 3847 Aleaius
920 3791 1066 3862 repudiat,
1085 3807 1111 3846 et
1129 3791 1237 3849 Sarda·

160 3868 288 3937 napolun
308 3868 374 3933 agit.
410 3863 454 3916 Eu
474 3863 594 3929 lsrosyna
606 3865 767 3933 imperatrix
783 3866 901 3931 virago,
919 3861 1091 3932 sedsnperba
1108 3864 1236 3917 luxurio·

160 3952 190 3988 u
211 3951 239 3989 tt
259 3932 406 4008 impudica.
447 3883 625 3987 desudanti·
654 3933 751 3986 Cilicis
774 3932 874 3988 seditio
901 3944 927 3985 ct
950 3933 1088 3985 interitus.
1132 3934 1237 3987 isaacii

162 4007 296 4060 enniani
319 4008 351 4059 in
374 4001 520 4058 seditionis
543 4015 681 4074 apparatu
708 4004 838 4058 interitus
856 4001 903 4072 (3)Ι
942 4001 1042 4055 Blaclti
1059 4001 1235 4056 condiciones

159 4077 234 4143 pacis
246 4077 289 4129 als
308 4074 408 4129 Alesia
428 4074 537 4126 oblatae
552 4083 744 4142 aspernantur.
780 4074 880 4127 Asanis
898 4068 931 4122 de
939 4071 1023 4143 sama
1042 4083 1069 4126 et
1085 4071 1119 4124 de
1136 4071 1235 4125 Alexio

161 4147 322 4212 imperatore
341 4143 498 4216 disputatio·
533 4143 657 4196 lsnaciut
678 4142 879 4195 sebastocrator
897 4141 932 4192 ab
951 4145 1041 4195 Asane
1059 4144 1170 4212 capitur
1186 4143 1235 4211 l4).

162 4213 245 4265 tuni
263 4218 341 4266 sacri
364 4217 440 4269 culus
467 4228 556 4266 necent
592 4209 730 4278 raedicite
747 4225 775 4265 et
790 4213 874 4282 poulo
892 4223 955 4280 post
971 4216 1046 4265 Asan
1066 4210 1236 4282 interficitur

162 4285 194 4334 ab
210 4281 313 4335 lbanco
347 4287 381 4354 5).
422 4288 542 4339 Graecos
556 4230 673 4335 tianeus
696 4284 726 4333 in
744 4282 879 4335 auxilium
897 4294 998 4347 vocat,
1019 4279 1068 4334 sed
1084 4280 1117 4332 ab
1135 4280 1171 4335 iis
1188 4282 1234 4334 ni·

162 4352 201 4404 leil
215 4350 377 4407 adiuvatur.
394 4354 566 4410 adAlexium
584 4370 611 4405 se
633 4350 749 4422 cortficrt,
768 4352 816 4407 cui
833 4352 928 4404 utilem
949 4364 1036 4405 navat
1054 4368 1165 4421 operam
1182 4350 1233 4421 (6).

160 4421 257 4480 tersae
286 4423 405 4478 Graecos
432 4424 503 4480 bello
530 4419 751 4494 aggrediuntur,
769 4419 1072 4478 inconcinnarum
1089 4431 1231 4491 occupent
