3020 4844
639 414 877 482 eumatio.
1253 423 1310 491 XV

224 586 316 651 diisse
335 585 384 649 ael
405 587 470 670 ipse
490 582 612 647 nomine
633 583 787 664 fateatur,
808 590 841 646 et
862 585 887 645 si
910 584 1045 647 Graecas
1067 604 1157 651 vecea
1177 579 1310 657 munis-

228 686 289 767 ris,
310 706 401 771 saepe
428 684 624 747 obmutescat.
655 704 718 765 que
740 682 843 744 minua
864 682 887 757 ii
907 681 1029 745 ferendi
1049 697 1120 749 sunt
1137 687 1191 771 qul
1210 693 1309 756 Grae·

226 808 296 849 csm
314 785 449 871 linguam
459 794 495 845 ut
514 802 770 868 supervacaneam
792 792 1007 866 aspernantur.
1019 785 1103 868 quud
1120 789 1228 873 utique
1246 809 1310 855 ooo

224 887 377 966 lacerem,
404 884 431 947 ai
457 903 552 968 quam
573 881 663 966 ponci
695 879 799 945 fideles
819 890 852 944 et
871 880 956 945 docti
975 882 1158 970 interpretes
1179 889 1241 953 sint
1258 890 1309 972 in.

222 985 401 1069 telligerent.
427 965 495 1047 aliis
522 982 606 1046 deest
628 980 754 1046 alteriue
779 984 896 1063 utrius,
918 980 985 1046 aliis
1004 985 1168 1070 utriusque
1187 987 1310 1074 linguae

223 1086 376 1169 cognitio,
408 1082 476 1146 eliis
504 1080 579 1146 tides
612 1091 645 1146 ct
672 1080 849 1168 diligentia,
880 1080 1199 1161 nonnullisuniverea
1217 1089 1310 1172 haee,

222 1206 289 1247 non
311 1195 374 1246 tam
395 1184 523 1247 fortuma
544 1180 658 1246 malitia
687 1193 718 1246 et
737 1191 916 1267 contemptu
936 1181 1125 1248 iudiciorum
1146 1185 1239 1272 (quaa
1257 1211 1311 1254 sx-

223 1295 321 1348 trema
341 1295 420 1347 esset
439 1282 587 1367 amentia)
608 1302 702 1367 quam
721 1281 891 1344 calamitate
906 1282 1039 1368 quadam
1059 1294 1234 1370 temporum
1252 1310 1312 1353 no·

224 1397 361 1450 atrorum
378 1395 410 1447 et
429 1384 649 1469 praestantium
668 1382 862 1465 ingeniorum
880 1380 1039 1465 neglectu,
1060 1384 1171 1468 quibua
1189 1386 1311 1456 lurtum

223 1485 394 1571 plerunque
419 1484 521 1548 minus
547 1483 631 1547 iavet
650 1503 742 1567 quam
762 1482 801 1545 lie
826 1502 957 1566 quorum
977 1482 1078 1546 minor
1095 1495 1141 1548 est
1160 1486 1312 1555 industria

222 1596 254 1650 et
271 1585 411 1648 obtusior
429 1584 509 1646 acies
529 1582 710 1645 animorum.
733 1582 838 1664 itaque
858 1580 988 1666 pedihus
1003 1583 1036 1644 in
1056 1603 1162 1647 eornm
1181 1606 1310 1677 musen-

223 1687 354 1749 teotiam
387 1681 442 1767 qui
469 1684 588 1746 Graeca
617 1702 688 1744 cnm
709 1680 826 1743 Latinis
847 1680 1059 1765 coniungenda
1078 1704 1143 1747 esse
1163 1696 1309 1769 censent,

219 1785 371 1869 siquidem
383 1786 502 1846 Graeca
516 1781 642 1845 seorsim
658 1801 771 1865 parum
792 1780 959 1844 vendibilia
979 1793 1050 1844 sunt
1073 1792 1173 1848 aetate
1193 1797 1306 1865 nomm,

218 1906 297 1968 quae
325 1894 452 1969 pmptcr
486 1881 685 1944 ambitionem
717 1881 877 1944 avaritiam
908 1890 939 1943 et
957 1878 1094 1944 bellandi
1112 1883 1308 1967 cupiditatem

220 1986 258 2046 ad
280 1984 444 2070 pristinam
476 1981 649 2045 barbariem
680 2001 791 2065 magno
819 1981 934 2064 impetu
955 1982 1030 2043 ruit.
1054 2002 1126 2046 nam
1147 1985 1248 2048 Latini
1277 1998 1309 2050 et

219 2087 331 2147 Graeci
358 2082 506 2147 sermonis
538 2083 727 2165 proprietate
757 2090 789 2142 ct
816 2079 947 2164 puritate
968 2081 1076 2143 amissa
1097 2093 1308 2170 contemtoque

219 2182 413 2266 philosophia
431 2192 462 2244 et
480 2180 617 2263 politiori
646 2178 819 2243 litteratura
847 2177 1002 2264 neglecta,
1025 2190 1185 2245 uteorum
1206 2186 1308 2248 cerni·
1340 2184 1342 2191 ⁴

219 2303 308 2361 mus,
343 2302 406 2343 non
445 2278 611 2342 obscurum
639 2288 684 2342 cst
707 2279 783 2361 quid
817 2278 1005 2361 impendeat.
1028 2280 1183 2364 pmeclare
1202 2285 1308 2349 scribit

219 2381 389 2461 isocrates,
421 2401 514 2465 quem
538 2380 570 2441 in
597 2377 657 2441 buc
676 2388 766 2462 parte
786 2377 991 2460 Aristotelea,
1012 2392 1048 2443 ut
1068 2383 1143 2444 mihi
1163 2383 1304 2464 videtur,

221 2483 335 2566 quippe
355 2490 430 2543 nutu
452 2478 658 2565 grandiorem,
679 2476 849 2542 aemulatus
864 2488 928 2558 est,
950 2489 982 2542 et
1000 2500 1058 2563 ego
1077 2480 1223 2546 admirari
1242 2505 1305 2548 non

219 2583 291 2645 satis
313 2602 458 2664 pessum,
483 2580 612 2643 uirtutes
631 2576 766 2662 singulas
793 2580 825 2641 in
850 2578 952 2642 medio
972 2579 1118 2643 binorum
1138 2582 1305 2667 vitiem,

218 2701 352 2765 quorum
374 2678 507 2744 alterum
527 2680 602 2742 eitra
621 2680 757 2758 resistat,
779 2680 909 2743 alterum
930 2678 1052 2764 longius
1070 2703 1161 2767 quam
1184 2704 1245 2768 par
1265 2687 1305 2749 sit

217 2779 453 2865 progrediatur,
485 2799 551 2842 esse
567 2776 739 2841 collocatae.
760 2787 791 2840 et
811 2789 894 2842 recte
914 2779 994 2862 apud
1012 2780 1161 2844 Ouidium
1179 2784 1303 2850 bela.

218 2877 264 2942 lus
282 2879 329 2942 ait
340 2878 417 2959 lilio,
436 2878 559 2958 „medio
571 2881 738 2941 tutissimus
755 2877 840 2941 this!
862 2878 946 2963 quod
959 2880 1079 2942 utinam
1093 2889 1157 2943 tam
1177 2903 1196 2945 a
1216 2883 1304 2947 theo-

220 2979 293 3062 logis
312 2976 714 3045 iurisconsultiaetmedicis
733 2999 823 3063 ιῙιιιιω
838 2977 878 3041 ab
897 2978 1109 3043 humaniorum
1131 2980 1301 3047 litterarum

217 3077 393 3142 cultoribus
421 3076 658 3158 obses-veretum
690 3098 820 3163 quorum
842 3076 931 3141 alteri
958 3101 991 3141 se
1013 3081 1105 3144 rebus
1119 3081 1301 3163 inhaerere,

218 3177 307 3241 alteri
335 3176 477 3240 dictionis
501 3174 669 3260 elegantiae
693 3196 727 3239 aa
746 3175 869 3239 studere
889 3179 1095 3260 profitentur:
1117 3177 1300 3264 quasivero

217 3286 271 3341 aut
289 3276 439 3340 vocabula
458 3286 581 3359 pmptcr
603 3273 833 3358 explicationem
852 3294 954 3337 rerum
978 3298 1039 3340 non
1070 3279 1133 3341 sint
1153 3280 1297 3357 inventa,

217 3388 271 3441 eut
300 3395 413 3461 corpus
442 3374 620 3460 egregiam,
653 3371 713 3436 hoe
732 3383 777 3437 est
797 3394 845 3436 res
865 3374 1056 3459 praeclaras,
1076 3378 1246 3442 cuiusmodi
1266 3382 1300 3442 in

217 3477 399 3541 usblimibas
424 3473 485 3538 illis
507 3471 672 3558 disciplinis
700 3484 890 3553 tractantur,
920 3497 984 3539 non
1006 3477 1120 3541 munda
1141 3488 1172 3541 et
1191 3489 1301 3541 ornata

218 3579 327 3657 vestis,
345 3575 404 3639 hoe
424 3584 470 3638 est
491 3595 570 3657 pura
592 3585 624 3638 et
644 3574 749 3637 limata
768 3573 874 3638 deceat
893 3579 1002 3640 oratio.
1023 3575 1176 3662 duplicem
1196 3575 1300 3661 proie-

219 3687 269 3739 cto
300 3676 422 3740 laudem
452 3684 632 3756 merentur,
662 3675 785 3757 quires
807 3677 953 3760 optimas,
983 3679 1008 3740 si
1035 3697 1098 3739 non
1120 3673 1250 3762 eleganti
1270 3686 1302 3739 ct

217 3775 392 3858 splendido,
421 3781 455 3837 at
476 3783 605 3861 puroet
632 3772 744 3837 diserto
763 3795 902 3839 sermone
921 3787 1109 3861 proponant.
1131 3775 1301 3841 cuiusmodi

216 3874 301 3938 viros
321 3885 425 3938 nostra
447 3885 529 3937 actes
545 3871 647 3958 plures
661 3894 732 3937 eum
752 3874 858 3959 insigni
878 3876 974 3958 gloria
995 3877 1067 3941 tulit
1087 3899 1182 3963 quam
1200 3886 1300 3961 poete·

216 3975 287 4035 ritas
308 3972 452 4037 habitura
475 3971 622 4048 videtur,
645 3974 703 4035 nisi
725 3973 814 4037 aliam
833 3978 983 4039 rationem
1002 3976 1178 4042 studiorum
1197 3976 1302 4041 inieri-

216 4091 296 4133 mns.
328 4071 383 4135 aed
412 4073 487 4158 quid
517 4094 575 4158 ego
610 4091 769 4135 censuram
792 4074 824 4136 in
858 4074 1038 4160 republica
1058 4075 1205 4141 litteraria
1223 4073 1301 4137 mihi

216 4190 323 4250 sumo,
348 4190 420 4232 cum
450 4173 508 4259 ipsi
536 4170 612 4235 mihi
630 4170 919 4239 diversissimorum
952 4176 1142 4259 ingeniorum
1168 4195 1301 4239 maura

215 4272 254 4332 sit
272 4269 454 4334 moder
487 4275 588 4343 morit
606 4292 657 4338 ms
676 4282 779 4340 umen
798 4276 896 4341 iustus
914 4274 1044 4343 fortasse
1062 4272 1152 4341 dolor
1172 4273 1205 4341 io
1222 4274 1302 4340 bana
