3020 4844
555 554 797 622 PRAEFATIO.
1202 556 1246 624 xi

164 712 420 797 amphitheatrum
443 710 570 772 humani
587 708 701 793 ingenii
720 719 751 772 et
768 707 970 793 experientiae
989 707 1188 794 multiplicis?
1206 712 1247 776 ad

164 814 247 898 qood
268 809 479 877 exornandum
497 820 528 873 et
548 808 795 893 locupletandum
813 831 876 870 noo
890 820 1011 874 tantum
1026 832 1133 875 omnes
1147 814 1247 875 natio·

164 935 237 992 nes,
258 906 363 975 omnes
384 909 544 986 homines,
575 930 682 972 omues
707 918 822 971 aetates
850 910 959 992 stipem
989 932 1077 975 snam
1109 911 1249 975 contuie-
1286 966 1288 970 ,

165 1022 260 1093 runt,
284 1010 340 1074 sed
372 1012 465 1073 etiam
494 1008 544 1072 dei
575 1009 755 1072 immortalis
789 1008 956 1073 iiberalitas
986 1011 1083 1075 muita
1111 1012 1248 1078 auctario

164 1112 293 1188 adiecit,
318 1112 354 1173 iis
372 1110 465 1172 rebus
483 1109 607 1195 pertim'
621 1129 735 1172 arcano
762 1110 866 1171 afflatu
897 1109 1009 1192 partim
1037 1133 1093 1195 per
1118 1115 1250 1196 insignia

164 1208 313 1273 muscula
332 1210 493 1291 revelatis,
515 1231 591 1294 quat
612 1210 753 1273 obtusior
772 1210 900 1272 humani
930 1209 1045 1296 ingenii
1069 1213 1149 1274 acies
1177 1234 1249 1295 pcr-

164 1311 285 1393 spicere
306 1311 432 1371 minime
460 1312 614 1394 potuisset.
646 1331 718 1372 cum
750 1319 854 1372 autem
881 1329 978 1371 narro
1007 1330 1107 1385 arone
1134 1331 1249 1375 orario

161 1408 261 1472 multo
280 1413 377 1494 magis
398 1431 492 1493 qnam
518 1410 617 1472 forma
645 1431 813 1493 corporum
846 1409 1002 1471 hominem
1035 1409 1200 1492 distinguat
1229 1434 1248 1475 a

163 1511 289 1589 befluis,
310 1520 341 1573 et
359 1510 494 1572 veritatis
523 1508 620 1572 solida
645 1509 784 1594 cognitio
816 1519 848 1572 et
877 1509 993 1571 diserta
1023 1510 1180 1594 explicatio
1211 1512 1251 1574 sit

164 1612 230 1674 eius
243 1609 405 1693 proprium
428 1631 559 1689 munus,
578 1610 654 1694 quid
674 1610 758 1673 aliud
783 1620 829 1674 est
857 1608 1070 1695 philosophari
1098 1632 1191 1694 quom
1219 1614 1268 1673 in,

166 1731 203 1773 oo
222 1709 384 1773 elaborare
405 1721 440 1772 ut
460 1710 609 1774 vocabula
626 1732 697 1774 curn
711 1709 803 1773 rebus
823 1713 1032 1786 consentiant,
1055 1719 1086 1771 et
1105 1718 1142 1772 ut
1159 1710 1181 1771 ii
1210 1712 1253 1773 si·

166 1831 233 1873 mus
243 1812 298 1895 qui
309 1810 450 1890 dicimur,
470 1811 634 1876 homines?
653 1812 838 1896 complector
856 1822 960 1874 autem
979 1809 1254 1896 philosophioeno·

165 1910 250 1973 mine
270 1923 391 1975 tantum
409 1925 559 1998 quantum
585 1912 681 1998 ipsius
707 1911 886 1997 significatio
916 1909 1154 1995 complectitur,
1187 1922 1254 1973 stu·

167 2010 254 2074 dium
274 2023 367 2097 atque
388 2036 525 2076 amorem
540 2016 721 2099 sapientioe3
743 2034 821 2097 quae
841 2032 945 2075 rerum
962 2010 1136 2074 divinarum
1151 2011 1254 2073 ethu-

165 2133 329 2174 monarum
351 2134 576 2199 causarumque
597 2116 711 2198 quihus
738 2134 791 2176 eae
820 2134 871 2176 res
897 2115 1096 2176 continentur
1128 2112 1253 2174 scientia

164 2211 327 2273 definitur.
350 2235 443 2295 quam
463 2216 699 2277 immensitatem
718 2235 789 2277 cum
802 2212 884 2277 solus
896 2214 972 2277 deus
991 2235 1095 2277 rerum
1115 2213 1253 2274 omniurn

164 2310 267 2395 opifex
287 2306 412 2390 meat,
436 2312 517 2373 solus
538 2312 681 2387 utboni,
703 2314 745 2374 ita
766 2325 797 2375 et
814 2315 957 2397 sapientis
978 2335 1088 2375 nomen
1110 2314 1178 2376 iure
1196 2314 1254 2376 sibi

165 2410 318 2475 vendicat.
346 2409 484 2473 homines
511 2422 627 2473 autem
648 2412 813 2494 sapientiae
842 2423 875 2476 et
905 2416 1028 2476 virtutis
1058 2425 1193 2475 amentes
1219 2434 1254 2474 oc

167 2511 321 2574 studiosos
342 2532 405 2574 esse
426 2510 505 2573 nibil
526 2522 630 2593 vetat3
652 2532 715 2595 quo
736 2532 842 2574 amore
862 2532 897 2572 ac
915 2510 1018 2573 studio
1039 2533 1101 2596 quo
1126 2514 1254 2594 quisque

164 2611 286 2695 longius
305 2612 526 2696 progreditur,
555 2634 592 2676 eo
611 2614 740 2696 propius
773 2633 792 2674 e
820 2610 1000 2673 caelestibus
1028 2613 1124 2695 geniis
1144 2610 1254 2689 abest,

165 2713 240 2795 quia
264 2732 302 2774 ea
331 2732 366 2774 re
384 2713 546 2775 beatissimi
567 2713 744 2795 habentur,
776 2711 862 2796 quod
883 2713 983 2794 ipsum
1010 2710 1125 2791 deum,
1154 2710 1254 2772 omnis

167 2810 369 2873 bonitatis-et
390 2812 559 2895 sapientiae
579 2813 721 2892 sontem,
744 2814 855 2896 iugiter
878 2833 949 2875 eum
972 2809 1117 2873 ineffabili
1145 2810 1255 2894 gaudio

169 2909 330 2972 intuentur
352 2911 463 2994 (neque
482 2911 541 2973 alia
563 2913 684 2995 piorum
703 2912 864 2975 beatitudo
885 2922 954 2995 post
975 2910 1056 2974 hanc
1075 2910 1171 2974 vitam
1189 2909 1256 2972 sore

167 3009 252 3073 hand
272 3009 328 3072 ahs
349 3030 385 3072 re
405 3010 576 3093 creditur);
597 3033 659 3095 quo
681 3016 805 3097 propius
825 3014 955 3094 resistit,
979 3033 1015 3075 eo
1035 3015 1137 3075 minus
1157 3011 1257 3095 digni·

168 3121 265 3173 tatem
285 3129 374 3173 suam
395 3121 427 3172 et
446 3108 620 3173 excellentis
639 3122 770 3174 naturae
793 3134 919 3175 munera
942 3123 1054 3175 tuetur.
1084 3113 1153 3197 quis
1178 3131 1254 3174 vero

169 3232 204 3273 ea
226 3213 268 3274 sit
286 3211 488 3294 arrogantia,
508 3221 542 3271 ut
562 3232 653 3273 suurn
672 3212 762 3274 unius
785 3211 938 3295 ingenium
957 3224 1075 3275 tantum
1104 3232 1169 3274 esse
1194 3233 1255 3297 pu-

169 3321 228 3391 tet,
251 3321 287 3374 ut
308 3331 348 3375 eo
369 3321 530 3374 contentus
548 3314 651 3372 omnin
670 3322 809 3374 veterum
829 3314 954 3374 inventa
974 3322 1006 3375 et
1024 3315 1255 3395 experimenta,

169 3411 350 3474 litterarum
369 3413 573 3475 monumentis
592 3412 789 3496 consignata,
810 3414 965 3496 aspernari
984 3421 1099 3494 queat,
1128 3431 1165 3474 nc
1191 3433 1254 3473 nou

170 3514 274 3598 potius
296 3536 332 3577 ex
348 3514 463 3578 infinita
484 3517 572 3596 eopia
592 3514 707 3597 optima
727 3534 866 3598 quaeque
887 3523 917 3576 et
938 3512 1059 3597 ingenio
1082 3532 1137 3574 suo
1157 3513 1257 3575 vitac-

172 3636 233 3699 qoe
253 3615 395 3679 instituto
415 3615 570 3699 aptissima
589 3622 823 3697 perscrutetur?
851 3634 923 3675 nam
943 3625 979 3675 ut
997 3633 1078 3674 unns
1107 3609 1255 3693 excellat,

170 3726 223 3777 sut
235 3709 343 3779 saltem
362 3736 433 3779 cum
453 3714 599 3776 mediocri
616 3735 754 3778 successu
783 3713 902 3776 iaboret
920 3712 952 3775 in
972 3711 1134 3789 omnihus,
1152 3711 1204 3774 rix
1220 3732 1257 3774 ac

173 3836 213 3878 ne
227 3813 279 3877 ris
300 3816 426 3900 quidem
447 3815 512 3877 fieri
532 3824 642 3897 potest.
661 3835 698 3877 ac
717 3813 879 3899 plerosque
897 3810 947 3876 rei
968 3812 1012 3874 rei
1031 3810 1188 3875 familiaris
1201 3833 1259 3875 an·

173 3916 290 3998 gustiae
310 3914 362 3979 vel
381 3916 573 4001 ingeniorum
596 3916 726 3978 tenuitas
745 3917 778 3979 in
806 3926 924 3978 certum
949 3914 1106 3997 quoddam
1137 3911 1257 3976 studio·

174 4033 243 4076 rum
264 4036 380 4098 genus,
409 4015 494 4080 velut
513 4017 545 4077 in
565 4034 719 4078 carcerem
743 4026 797 4079 aut
828 4014 1033 4100 ergastulum,
1063 4013 1257 4081 abstrudunt.

173 4113 286 4196 quibus
310 4127 414 4180 autem
437 4116 486 4179 dei
502 4115 609 4199 optimi
633 4116 756 4180 maximi
774 4115 945 4200 benignitas
965 4138 1001 4179 ea
1026 4127 1058 4181 ct
1085 4116 1257 4179 animorum

175 4222 208 4274 et
227 4213 421 4279 sedunorum
441 4215 575 4279 subsidia
596 4218 759 4302 concessit,
779 4228 815 4281 ut
836 4217 868 4279 in
886 4216 1001 4280 nuttios
1024 4215 1162 4300 magistri
1187 4233 1257 4278 ver·

174 4313 336 4378 mturare
355 4318 455 4380 coacti
470 4315 641 4379 libertatem
660 4338 747 4381 suam
767 4315 946 4381 inviolatam
977 4319 1148 4395 retineant,
1177 4334 1257 4399 pro-

173 4414 253 4479 iecto
273 4435 313 4480 oo
332 4415 482 4496 beatiores
504 4427 594 4481 erum
615 4439 677 4503 quo
695 4417 831 4505 plurium
849 4429 879 4482 et
903 4418 1067 4487 meliorum
1086 4435 1192 4481 rerum
1209 4435 1258 4478 co·
