3010 4838
250 311 336 426 87²
534 335 690 403 worm
720 299 1031 423 smoranorus

246 510 303 553 nee
331 487 504 553 mehercule
531 491 598 553 slus
631 511 732 555 musa.
757 510 829 552 narn
850 509 886 550 ex
906 487 1098 551 &cendone
1118 485 1223 549 nescio
1242 490 1328 554 euius

246 571 402 635 insolentis
422 572 589 657 elegantiae
610 584 641 635 et
702 571 797 635 eticae
817 572 958 634 dictionis
979 570 1182 633 aemulatione
1202 571 1234 632 in
1254 572 1333 636 sale·

245 657 317 719 bras
336 678 426 738 saepe
447 656 579 734 incidits
600 665 632 718 et
675 658 758 733 aris,
781 676 822 715 ne
840 655 952 736 ineptis
973 654 1094 732 dicam,
1115 656 1216 714 utitur
1237 668 1334 718 meta·

247 739 374 821 pharis,
410 740 442 799 iu
477 739 640 817 Prooeurio
671 740 867 820 praesertim,
901 738 953 797 ubi
983 738 1181 818 cumprimis
1202 737 1334 800 disertus

245 820 344 882 videri
364 824 456 903 cupit.
476 822 584 903 quodsi
615 832 711 883 totam
730 822 888 882 historiam
907 821 996 879 simili
1019 823 1158 880 oratione
1178 819 1329 882 involvis·

245 915 308 981 set,
344 904 373 963 iu
394 906 546 966 Latomiae
573 905 617 966 ire
641 926 732 986 quam
766 902 908 964 molestiis
929 905 1131 963 conversionis
1163 901 1333 963 coullictari

247 987 430 1048 maluissem.
457 987 510 1048 sed
531 987 604 1070 quia
632 985 831 1048 tolerabiliter
850 985 933 1066 loqui
954 986 1063 1067 incipit
1083 1006 1179 1066 quum
1198 987 1239 1045 ad
1261 982 1331 1047 'rem

249 1069 345 1151 ipsam
371 1082 495 1131 ventum
517 1081 587 1148 est,
617 1067 695 1129 hauc
723 1089 848 1152 qaroque
873 1088 1000 1149 operam
1021 1067 1163 1128 studiosis
1185 1067 1332 1130 historia·

248 1173 320 1214 rum
349 1149 424 1213 dare
452 1152 560 1225 solui,
594 1161 630 1212 ut
655 1153 794 1213 Zonaras
820 1170 897 1233 opus
924 1149 982 1212 hac
1013 1150 1180 1233 appendice
1210 1150 1333 1232 plenius

248 1234 450 1311 redderetur,
471 1254 506 1296 ea
527 1245 629 1295 tamen
663 1234 805 1296 libertate
825 1245 969 1315 usurpata
990 1245 1025 1294 ut
1046 1235 1208 1315 sententies
1227 1245 1335 1295 aucto-

250 1319 293 1378 ris
322 1316 511 1398 appendam,
536 1317 631 1379 rerba
659 1336 864 1379 annumerare
891 1337 955 1377 uon
981 1336 1102 1380 necesse
1135 1316 1278 1382 habeam.
1299 1326 1334 1378 ut

250 1408 354 1460 autem
383 1399 415 1460 in
446 1397 499 1459 illo
519 1397 596 1478 leci,
627 1398 671 1463 ita
688 1399 739 1461 hic
766 1402 860 1461 etiam
886 1399 1066 1460 obscuriora
1091 1396 1158 1459 loca
1179 1409 1211 1459 et
1231 1401 1334 1460 varias

146 1486 175 1541 P.
190 1480 394 1561 ltblectiones
415 1481 582 1544 annotabo.
610 1502 683 1543 usus
703 1482 785 1543 enim
803 1480 853 1541 hic
873 1501 995 1562 qnoque
1015 1502 1083 1542 sum
1103 1480 1226 1542 duobus
1247 1481 1334 1542 oudi-

249 1564 360 1641 cihus,
382 1585 513 1645 quorum
545 1563 677 1625 alterurn
697 1564 737 1624 D.
760 1564 887 1624 Antonii
905 1563 1052 1645 Fuggeri‚
1075 1561 1206 1623 alterum
1227 1561 1335 1623 herilis

251 1644 437 1708 bibliotheca
457 1645 669 1728 suppeditavit.
690 1649 815 1708 accessit
836 1645 980 1721 tandem,
1004 1655 1040 1706 ut
1061 1647 1093 1704 in
1115 1647 1236 1705 Zouara
1256 1665 1335 1728 quo·

250 1749 331 1810 que,
362 1738 483 1808 praeter
505 1731 742 1811 expectationem
769 1749 884 1807 meam,
914 1728 1025 1789 tertius
1053 1728 1254 1809 Augustanae
1290 1729 1334 1789 rei

274 1809 392 1871 oblicae
410 1810 530 1884 codex,
554 1821 694 1875 vetustus
713 1811 898 1882 admodum,
922 1810 1075 1893 principio
1095 1822 1126 1872 et
1157 1809 1219 1872 fine
1239 1811 1335 1871 muti·

250 1832 324 1970 lin,
349 1913 403 1954 uec
427 1892 552 1976 reliquis
574 1898 711 1978 partibus
742 1896 854 1977 ubique
883 1894 1051 1959 incolumis.
1076 1893 1130 1976 qui
1161 1893 1332 1976 siiuteger

251 1975 379 2053 suisset,
414 1996 485 2036 eum
503 1975 605 2038 solum
624 1990 654 2039 et
680 1979 712 2037 in
736 1976 929 2038 exscribendo
952 1985 983 2036 et
1002 1978 1035 2036 in
1054 1976 1264 2038 convertendo
1283 1996 1331 2038 se.

253 2070 342 2119 cutus
375 2077 489 2118 essem:
522 2060 644 2120 videtur
672 2057 808 2120 enimes
839 2080 987 2141 germano
1007 2059 1141 2120 auctoris
1165 2058 1331 2141 archetypo

252 2141 335 2202 bona
358 2138 418 2199 fide
439 2139 625 2223 descriptus,
650 2151 682 2202 et
703 2163 769 2202 eam
782 2139 1006 2224 simplicitatem
1029 2141 1238 2225 praesefert
1256 2161 1333 2223 quae

255 2226 288 2284 in
310 2221 368 2283 hoc
396 2223 553 2304 prooemio
579 2224 783 2307 promittitur,
813 2247 853 2286 ue
871 2225 1011 2287 barbaris
1033 2223 1155 2307 quidem
1178 2223 1333 2285 vocabulis

256 2308 394 2383 evitatis;
426 2327 503 2388 quiae
534 2329 622 2368 causa
641 2307 708 2369 aliis
728 2309 819 2370 suisne
841 2307 961 2369 videtur
985 2317 1019 2366 ut
1037 2305 1237 2387 paraphrasin
1264 2307 1333 2383 (uti-

257 2410 329 2449 nam
362 2389 462 2448 minus
491 2388 669 2466 affectatam)
693 2388 785 2451 huius
815 2390 915 2471 operis
934 2388 1125 2449 scribendam
1146 2391 1335 2469 susceperint

258 2469 348 2531 etde
377 2490 433 2530 suo
452 2492 512 2529 non
534 2493 630 2552 pauca
653 2472 808 2531 ornandae
830 2473 976 2531 orationis
995 2491 1068 2553 ergo
1089 2469 1276 2530 addiderint.
1303 2471 1333 2531 in

257 2552 427 2636 Byzantina
448 2553 549 2615 codice
576 2575 638 2614 nou
659 2553 751 2615 modo
783 2552 953 2634 complures
972 2574 1096 2632 versus,
1119 2551 1172 2613 scd
1193 2552 1334 2634 pluribus

257 2637 292 2696 in
312 2632 388 2696 locis
408 2636 498 2696 etiam
520 2635 639 2719 integra
663 2635 752 2714 folia,
782 2657 877 2718 eaque
897 2634 956 2698 sub
975 2636 1066 2697 finem
1086 2637 1188 2717 operia
1207 2637 1334 2719 amplius

257 2715 338 2796 XV,
360 2716 548 2799 defuerunt,
569 2742 647 2803 quae
666 2740 723 2803 ego
742 2741 777 2781 ex
806 2718 911 2781 herilis
933 2718 1135 2781 bibliothecae
1154 2716 1261 2782 codice
1283 2718 1335 2780 de·

257 2799 420 2862 scribenda
441 2804 545 2864 curavi
574 2817 603 2864 et
633 2805 787 2877 converti,
808 2806 903 2864 tutius
922 2824 986 2864 esse
1005 2814 1090 2864 ratus
1109 2821 1336 2882 supervacanea

258 2881 372 2944 addere
390 2906 480 2966 quam
494 2888 593 2948 minus
605 2886 770 2948 necessaria
788 2887 1038 2968 praetermittere,
1060 2884 1240 2965 praesertim
1264 2903 1333 2944 cum

258 2975 395 3027 vetustus
414 2988 535 3050 quoque
556 2968 650 3030 codes
670 2968 789 3033 easdem
808 2988 877 3050 res,
901 2968 974 3030 licet
994 2968 1113 3030 diverso
1131 2986 1244 3051 genere
1263 2985 1332 3026 ura·

257 3047 370 3124 tionis,
391 3051 572 3113 contineret.

343 3128 382 3191 P.
397 3129 429 3208 4,
442 3130 474 3214 d.
495 3130 700 3214 πολυπειρίας
713 3124 917 3195 ὕποτιθὲασιν
930 3126 1054 3218 ὁπόσοι]
1076 3131 1255 3212 ambiguum
1275 3139 1331 3203 est,

258 3222 363 3274 utrum
389 3213 537 3279 historiae
563 3216 759 3299 multiplicem
778 3218 990 3300 experientiam
1014 3235 1121 3279 eorum
1140 3215 1193 3296 qui
1216 3216 1334 3299 magnis

257 3298 386 3377 ingeniis
399 3299 527 3379 praediti
545 3312 636 3384 atque
650 3301 690 3363 ab
711 3304 773 3384 ipsa
786 3312 898 3362 natura
918 3301 958 3362 ad
979 3299 1073 3361 decus
1093 3306 1123 3358 et
1142 3296 1332 3361 honestatem

259 3377 444 3443 conformati
472 3393 543 3445 suut
560 3396 746 3467 proponant,
777 3405 815 3444 au
836 3404 910 3445 vero
930 3382 1066 3444 homines
1085 3382 1233 3464 ingeniosi
1254 3382 1334 3443 dun·

259 3472 343 3521 taxat
363 3473 393 3522 et
413 3465 533 3527 virtutis
556 3479 691 3529 amantes
711 3466 797 3529 varia
808 3465 940 3550 exempla
960 3463 1005 3526 rei
1025 3463 1104 3525 bene
1124 3464 1279 3547 gerendae
1299 3484 1333 3526 ex

259 3542 397 3605 historiis
423 3560 526 3628 petere
556 3548 681 3615 soleant
713 3554 865 3612 incertum
896 3551 977 3612 enim
997 3555 1062 3620 est,
1082 3557 1184 3608 utrum
1207 3542 1333 3628 posted

259 3620 467 3688 enarrassem
486 3631 772 3715 subintelligendum
792 3634 830 3693 sit
848 3631 973 3695 herten
991 3650 1030 3691 an
1053 3627 1188 3702 ἐκείνοις.
1210 3631 1335 3691 mrtem

260 3711 404 3789 scriptori
423 3711 613 3795 Thucydidis
635 3716 770 3777 salebrae
788 3717 991 3798 placuerunt,
1014 3713 1067 3798 qui
1086 3712 1211 3775 oracula
1230 3714 1334 3796 potius

259 3811 351 3874 quarn
374 3790 529 3857 historiam
548 3799 740 3860 scribendam
762 3799 899 3882 suscepit

343 3874 380 3936 P.
401 3876 434 3952 4,
459 3875 507 3954 sd.
547 3881 604 3941 τοῦ
628 3882 687 3960 μὲν
715 3880 748 3952 ἐς
768 3872 845 3964 ᾅδου
865 3879 996 3961 βέβηκεν
1024 3872 1046 3957 ἧ
1072 3872 1177 3959 ψυχή]
1206 3878 1333 3940 imitatio

259 3955 425 4018 Homerica
448 3962 562 4040 magis,
580 3960 669 4045 ψυχὴ
694 3957 867 4025 d'dido'ods
887 3961 1015 4040 βέβηκε,
1036 3982 1127 4043 quam
1149 3960 1331 4025 Christiane·

258 4060 354 4121 quare
374 4062 453 4123 ego,
476 4045 592 4107 evitatis
613 4057 759 4128 quantum
776 4045 874 4106 'licuit
894 4045 1057 4104 istiusmodi
1080 4046 1219 4125 ineptiis,
1241 4061 1332 4123 repo·

259 4124 305 4181 sui
328 4144 363 4183 ea
389 4145 468 4207 quae
485 4147 581 4193 ,neca
605 4130 754 4212 religione
782 4149 838 4189 nec
857 4126 898 4186 ub
919 4127 1027 4188 usitata
1048 4126 1193 4208 loquendi
1212 4127 1332 4187 ratium

259 4203 426 4271 abhorrere
459 4208 649 4275 ridebantur.
679 4211 839 4273 eonsilium
871 4229 972 4272 meum
1006 4208 1103 4272 doctis
1134 4221 1166 4271 et
1198 4203 1332 4271 madidis
