3020 4844
228 538 284 602 llll
597 534 710 597 lllEll.
746 529 901 593 worm

228 689 393 775 gnitionem
415 685 590 769 coegerint,
615 688 646 747 in
666 687 757 748 variis
779 685 890 768 linguis
911 694 1001 766 atque
1021 683 1202 745 auctoribus
1222 683 1311 745 dissi.

191 851 193 854 Α
225 800 339 872 petam.
362 787 395 849 id
418 796 520 848 autem
537 783 661 848 difficile
682 787 710 846 ei
730 807 791 847 non
813 786 889 860 erit,
910 783 963 865 qui
984 782 1105 867 linguae
1118 785 1255 845 Graecae
1274 805 1311 845 ac

226 888 355 949 Latinae
380 884 527 948 mediocri
547 906 605 949 usu
625 887 791 948 instructus
818 882 967 947 methodo
993 903 1026 945 aa
1055 882 1253 946 assuefecerit
1281 892 1312 944 et

225 990 338 1049 artium
359 989 539 1068 optimarum
559 985 756 1048 fundamenta
778 982 907 1046 fideliter
934 983 1050 1046 iecerit.
1064 1004 1101 1045 ac
1115 992 1161 1045 est
1176 985 1207 1043 in
1228 1002 1263 1044 ea
1277 1002 1313 1045 re

229 1107 302 1148 sanc
322 1084 506 1148 difficultatis
527 1097 560 1149 et
579 1085 737 1147 molestiae
752 1083 900 1146 nonnihil.
920 1081 973 1145 sed
992 1082 1045 1144 ubi
1063 1069 1099 1144 ea
1121 1082 1179 1145 illis
1199 1084 1312 1145 artiora

232 1187 376 1269 angustiis
394 1186 426 1246 in
448 1183 640 1248 liberrimum
669 1184 776 1268 optimi
806 1186 954 1266 cuiusque
983 1182 1140 1264 scriptoris
1169 1203 1312 1265 campana

226 1287 374 1348 eluctatus
394 1286 512 1362 fueris,
534 1305 606 1347 rere
630 1282 662 1347 id
689 1283 846 1367 apparebit
873 1282 954 1366 quod
987 1304 1004 1343 a
1028 1280 1162 1365 quodam
1189 1283 1312 1364 sapien.

225 1387 340 1449 tissime
361 1383 431 1446 viro
452 1384 650 1464 dictumest,
672 1385 736 1446 sive
757 1384 783 1445 ls
803 1384 944 1445 Socrates
968 1385 1033 1444 sire
1053 1384 1198 1444 Isocrates
1217 1381 1313 1442 suerit

223 1488 306 1567 (nam
323 1483 449 1568 utrique
471 1485 580 1547 ascribi
611 1484 723 1568 rideo,
745 1494 777 1546 et
796 1482 942 1566 proclivis
965 1502 1053 1543 error
1078 1492 1124 1542 est
1155 1483 1186 1544 iu
1219 1480 1313 1543 unius

225 1585 345 1649 litterae
365 1582 574 1664 discrimine),
595 1584 710 1648 radices
730 1583 908 1646 cruditionis
931 1603 1048 1644 amaras
1079 1603 1164 1657 esse,
1198 1581 1315 1644 fructus

228 1705 304 1747 vero
323 1680 522 1748 dulcissimos.
548 1684 702 1747 radicibus
723 1693 826 1746 autem
849 1692 1067 1767 comparantur
1087 1681 1260 1766 linguarum
1283 1693 1315 1743 et

224 1786 336 1847 artium
357 1784 517 1866 methodi,
537 1785 689 1848 fructibus
711 1784 797 1845 varia
817 1782 918 1845 lectio.
940 1782 993 1866 qui
1016 1792 1053 1844 ut
1072 1784 1136 1844 sinc
1158 1780 1316 1843 radicibus

224 1883 304 1948 nulli
325 1896 436 1965 essent,
457 1886 497 1946 ita
520 1885 651 1947 eruditio
670 1885 827 1967 pertenuis
848 1894 906 1962 est,
927 1904 1005 1966 quae
1025 1904 1089 1945 non
1110 1892 1194 1945 certa
1214 1882 1313 1943 ratio.

223 2005 264 2048 na
282 2006 318 2047 ac
338 1986 388 2047 via
410 2006 428 2047 a
451 1984 562 2068 primis
582 1985 675 2045 initiis
695 1983 735 2045 ad
762 2003 915 2044 summum
936 2003 1034 2066 usquc
1065 1982 1219 2066 fastigium
1239 2003 1314 2044 con·

222 2094 340 2147 stanter
357 2083 492 2146 ascendit
512 2104 548 2147 ac
566 2093 743 2167 perpetuum
759 2083 815 2145 sibi
834 2082 1086 2145 commentarium
1108 2092 1208 2166 parnt.
1226 2084 1314 2166 quod

226 2185 310 2245 enim
331 2203 425 2265 supra
448 2182 540 2244 etiam
562 2182 661 2266 attigi,
683 2182 838 2261 doctrinae
861 2185 961 2245 omnis
980 2182 1048 2245 laus
1068 2185 1100 2244 in
1121 2184 1231 2245 artium
1246 2206 1314 2247 mee

224 2282 327 2346 thedis
346 2295 439 2365 atque
457 2284 488 2345 in
510 2303 547 2344 eo
564 2284 715 2360 vertitur,
739 2281 838 2366 quod,
861 2283 963 2375 quoad
988 2284 1053 2346 fieri
1073 2294 1197 2370 potest,
1222 2287 1312 2369 qnie-

224 2381 301 2467 quid
325 2382 363 2444 ad
388 2382 515 2445 eandem
536 2403 602 2444 rem
623 2383 772 2466 pertinet,
796 2385 973 2465 contrahit,
995 2396 1026 2447 ct
1047 2406 1082 2447 ex
1102 2386 1195 2447 variis
1213 2392 1313 2447 mem'-

225 2483 408 2548 briennum
431 2504 544 2567 corpus
567 2482 718 2567 integrum
746 2468 912 2567 componit.
942 2504 979 2545 ee
1005 2482 1146 2545 absoluto
1176 2481 1315 2547 lectionis

225 2583 359 2649 varietas
387 2584 513 2668 singulis
540 2584 679 2668 partibus
708 2584 795 2646 addit
814 2593 991 2645 ornamenta
1022 2594 1053 2645 et
1083 2581 1312 2666 amplitudinem

224 2683 380 2769 quandam
401 2683 553 2744 conciliat.
577 2682 685 2765 quodsi
698 2683 772 2744 haec
789 2681 956 2744 similitudo
971 2683 1073 2745 minus
1085 2682 1198 2766 placet,
1220 2682 1313 2745 homo

223 2783 377 2847 studiosus
400 2783 535 2866 diligenti
554 2781 768 2866 patrifamiliae
789 2795 1002 2867 comparetur;
1023 2784 1088 2868 qui,
1110 2796 1144 2847 nt
1157 2783 1209 2847 ille
1222 2806 1311 2867 agro·

227 2903 296 2946 rum
318 2903 441 2945 suorum
471 2893 637 2965 proventus
657 2895 687 2945 et
709 2883 872 2946 domestica
899 2886 1102 2948 iustrumenta
1127 2885 1157 2946 in
1188 2883 1311 2949 horreis

227 2996 259 3050 et
274 2986 365 3047 certis
384 2981 564 3068 quibusdam
583 2982 665 3047 cellis
683 2985 819 3069 reponit,
842 2996 877 3048 ut
896 3007 965 3047 cnm
986 3006 1059 3048 usus
1079 2984 1227 3070 postulat,
1249 2996 1312 3047 sta·

223 3089 280 3149 tim
302 3084 340 3149 ad
364 3106 489 3147 manum
517 3087 594 3163 sint,
616 3087 660 3147 ita
680 3086 761 3169 ipse,
798 3085 947 3170 quicquid
972 3088 1021 3149 rel
1051 3087 1234 3171 cogitatione
1260 3085 1311 3148 vel

227 3188 358 3251 lectione
376 3186 425 3248 rel
448 3185 607 3249 auditione
634 3207 802 3269 peremne
825 3198 943 3269 tempus
967 3187 1075 3250 aetatis
1098 3189 1310 3271 (nequeenim

223 3285 287 3349 ulla
310 3276 475 3370 sapientiae
495 3285 597 3348 studio
618 3298 702 3347 meta>
721 3286 913 3369 praefigenda
932 3293 990 3364 cst)
1010 3298 1189 3351 consecutus
1208 3285 1310 3361 luerit,

226 3387 330 3450 statim
348 3387 379 3445 in
398 3384 467 3447 illas
486 3386 603 3447 artium
622 3383 740 3464 classes,
761 3389 786 3448 si
803 3407 866 3448 non
886 3388 965 3471 stylo
986 3399 1039 3449 aut
1058 3389 1185 3465 calamo,
1202 3384 1310 3447 saltem

222 3488 328 3551 animo
349 3496 381 3548 et
401 3485 612 3547 recordatione
633 3496 780 3569 reponat,
811 3497 842 3548 et
864 3487 902 3548 ad
926 3489 1046 3573 regulas
1066 3487 1133 3550 illas
1157 3508 1176 3547 a
1195 3485 1310 3548 doctis-

226 3591 310 3650 simis
331 3585 507 3650 lrominilrus
525 3584 651 3648 traditas
671 3589 791 3668 exigat,
816 3587 879 3649 acri
900 3588 1013 3651 iudicio
1034 3608 1151 3670 semper
1169 3587 1310 3668 interpo-

226 3689 310 3766 sito,
329 3709 369 3749 ne
390 3686 472 3771 quod
495 3688 624 3771 quisquc
643 3687 752 3750 dixerit
782 3699 834 3750 aut
863 3692 1016 3775 scripserit
1046 3698 1100 3749 aut
1129 3688 1185 3768 ipsi
1218 3686 1308 3747 etiam

227 3789 260 3849 in
283 3799 414 3850 mentem
435 3791 580 3867 venerit,
602 3786 759 3849 oraculum
781 3810 844 3852 esse
863 3801 951 3876 putet
971 3794 1053 3870 (nam
1075 3784 1195 3849 liomini
1217 3784 1312 3847 docto

224 3888 435 3969 turpissimam
456 3890 566 3967 fuerit,
586 3897 622 3948 nt
642 3890 751 3950 Graeci
772 3888 924 3973 eleganter
944 3889 1071 3964 dicunt,
1091 3882 1309 3963 ἀβασανίστως

227 3984 469 4068 παραδέχεσθαι
488 3984 544 4071 τὴν
569 3988 674 4051 πίστιν
700 3989 755 4069 τῆς
785 3987 957 4071 ἀληθείας,
989 3990 1048 4049 hoc
1073 3994 1119 4047 est
1153 3983 1310 4065 opiniones

228 4088 396 4149 consectari
421 4087 562 4172 nudaque
581 4089 760 4151 auctoritate
782 4092 873 4172 niti),
895 4091 947 4153 sed
967 4097 1088 4151 tanturn
1110 4084 1219 4167 cuique
1243 4105 1311 4144 rre-

227 4188 362 4251 dendnm
385 4209 450 4250 erse
471 4200 603 4268 statuat,
621 4201 766 4272 quantum
787 4203 840 4253 aut
861 4192 954 4254 firmis
975 4186 1142 4250 rationibus
1163 4195 1215 4247 ant
1233 4206 1309 4267 pro.

228 4287 382 4352 habilibus
401 4291 581 4353 coniecturis
607 4289 786 4373 persuadere
807 4293 927 4373 possit,
951 4291 982 4351 in
1010 4287 1137 4349 caeteris
1157 4304 1309 4347 assensum

231 4389 370 4454 cohibeat
391 4402 422 4454 et
443 4391 606 4468 sustineat,
628 4391 725 4455 donec
746 4393 843 4474 ipsum
863 4403 985 4475 tempus
1008 4385 1185 4471 scrupulum
1205 4392 1309 4446 custn-
