<?xml version="1.0" encoding="UTF-8"?>
<!DOCTYPE html PUBLIC "-//W3C//DTD XHTML 1.0 Transitional//EN"
    "http://www.w3.org/TR/xhtml1/DTD/xhtml1-transitional.dtd">
<html xmlns="http://www.w3.org/1999/xhtml" xml:lang="en" lang="en">
 <head>
  <title>
</title>
<meta http-equiv="Content-Type" content="text/html;charset=utf-8" />
  <meta name='ocr-system' content='tesseract 3.04.00' />
  <meta name='ocr-capabilities' content='ocr_page ocr_carea ocr_par ocr_line ocrx_word'/>
</head>
<body>
  <div class='ocr_page' id='page_1' title='image "./corpusscriptoru36niebgoog/corpusscriptoru36niebgoog_0015.png"; bbox 0 0 3020 4844; ppageno 0'>
   <div class='ocr_carea' id='block_1_1' title="bbox 196 1374 1162 1489">
    <p class='ocr_par' dir='ltr' id='par_1_1' title="bbox 196 1374 1162 1489">
     <span class='ocr_line' id='line_1_1' title="bbox 196 1374 1162 1489; baseline 0.003 -3"><span class='ocrx_word' id='word_1_1' title='bbox 196 1374 521 1487; x_wconf 75' lang='lat' dir='ltr'><strong>rumumrssmo</strong></span> <span class='ocrx_word' id='word_1_2' title='bbox 548 1422 582 1487; x_wconf 90' lang='lat' dir='ltr'><strong>s.</strong></span> <span class='ocrx_word' id='word_1_3' title='bbox 604 1424 643 1488; x_wconf 76' lang='lat' dir='ltr'><strong>u</strong></span> <span class='ocrx_word' id='word_1_4' title='bbox 673 1422 713 1486; x_wconf 80' lang='lat' dir='ltr'><strong>r.</strong></span> <span class='ocrx_word' id='word_1_5' title='bbox 734 1424 911 1489; x_wconf 75' lang='lat' dir='ltr'><strong>mirem</strong></span> <span class='ocrx_word' id='word_1_6' title='bbox 936 1420 1162 1489; x_wconf 79' lang='lat' dir='ltr'><strong>cmmmm</strong></span> 
     </span>
    </p>
   </div>
   <div class='ocr_carea' id='block_1_2' title="bbox 285 1596 1062 1699">
    <p class='ocr_par' dir='ltr' id='par_1_2' title="bbox 285 1596 1062 1699">
     <span class='ocr_line' id='line_1_2' title="bbox 285 1596 1062 1699; baseline 0.003 -5"><span class='ocrx_word' id='word_1_7' title='bbox 285 1596 544 1696; x_wconf 84' lang='lat' dir='ltr'>IULIO</span> <span class='ocrx_word' id='word_1_8' title='bbox 588 1599 1062 1699; x_wconf 84' lang='lat' dir='ltr'><strong>MAZARINO</strong></span> 
     </span>
    </p>
   </div>
   <div class='ocr_carea' id='block_1_3' title="bbox 560 1829 781 1847">
    <p class='ocr_par' dir='ltr' id='par_1_3' title="bbox 560 1829 781 1847">
     <span class='ocr_line' id='line_1_3' title="bbox 560 1829 781 1847; baseline 0.009 -4"><span class='ocrx_word' id='word_1_9' title='bbox 560 1829 781 1847; x_wconf 51' lang='lat' dir='ltr'><em>m</em></span> 
     </span>
    </p>
   </div>
   <div class='ocr_carea' id='block_1_4' title="bbox 134 1953 1234 4554">
    <p class='ocr_par' dir='ltr' id='par_1_4' title="bbox 134 1953 1234 4554">
     <span class='ocr_line' id='line_1_4' title="bbox 134 1953 1226 2068; baseline -0.009 -21"><span class='ocrx_word' id='word_1_10' title='bbox 134 1953 251 2047; x_wconf 73' lang='lat' dir='ltr'><strong>Editio</strong></span> <span class='ocrx_word' id='word_1_11' title='bbox 263 1981 385 2047; x_wconf 79' lang='lat' dir='ltr'><strong>llicctue</strong></span> <span class='ocrx_word' id='word_1_12' title='bbox 397 2003 478 2047; x_wconf 84' lang='lat' dir='ltr'><strong>nuru</strong></span> <span class='ocrx_word' id='word_1_13' title='bbox 497 1992 659 2068; x_wconf 73' lang='lat' dir='ltr'><strong>patronum</strong></span> <span class='ocrx_word' id='word_1_14' title='bbox 677 1983 735 2047; x_wconf 91' lang='lat' dir='ltr'><strong>sibi</strong></span> <span class='ocrx_word' id='word_1_15' title='bbox 748 2004 786 2046; x_wconf 84' lang='lat' dir='ltr'><strong>ex</strong></span> <span class='ocrx_word' id='word_1_16' title='bbox 804 2002 892 2045; x_wconf 86' lang='lat' dir='ltr'><strong>moro</strong></span> <span class='ocrx_word' id='word_1_17' title='bbox 915 1980 1084 2065; x_wconf 81' lang='lat' dir='ltr'><strong>quaerebat</strong></span> <span class='ocrx_word' id='word_1_18' title='bbox 1112 1979 1226 2045; x_wconf 80' lang='lat' dir='ltr'><strong>odvcr.</strong></span> 
     </span>
     <span class='ocr_line' id='line_1_5' title="bbox 135 2089 1226 2178; baseline -0.013 -19"><span class='ocrx_word' id='word_1_19' title='bbox 135 2115 185 2159; x_wconf 79' lang='lat' dir='ltr'><strong>rus</strong></span> <span class='ocrx_word' id='word_1_20' title='bbox 208 2092 362 2178; x_wconf 74' lang='lat' dir='ltr'><strong>muliguos</strong></span> <span class='ocrx_word' id='word_1_21' title='bbox 382 2094 574 2178; x_wconf 78' lang='lat' dir='ltr'><strong>invidosque.</strong></span> <span class='ocrx_word' id='word_1_22' title='bbox 595 2114 678 2157; x_wconf 83' lang='lat' dir='ltr'><strong>uuus</strong></span> <span class='ocrx_word' id='word_1_23' title='bbox 695 2092 867 2167; x_wconf 76' lang='lat' dir='ltr'><strong>occurristi,</strong></span> <span class='ocrx_word' id='word_1_24' title='bbox 890 2089 1226 2154; x_wconf 70' lang='lat' dir='ltr'><strong>GracurrisEumuu.</strong></span> 
     </span>
     <span class='ocr_line' id='line_1_6' title="bbox 136 2201 1227 2288; baseline -0.005 -22"><span class='ocrx_word' id='word_1_25' title='bbox 136 2223 273 2282; x_wconf 76' lang='lat' dir='ltr'><strong>rusrrrr,</strong></span> <span class='ocrx_word' id='word_1_26' title='bbox 294 2205 380 2266; x_wconf 85' lang='lat' dir='ltr'><strong>cuius</strong></span> <span class='ocrx_word' id='word_1_27' title='bbox 407 2204 580 2288; x_wconf 87' lang='lat' dir='ltr'><strong>putrociuio</strong></span> <span class='ocrx_word' id='word_1_28' title='bbox 610 2224 671 2266; x_wconf 86' lang='lat' dir='ltr'><strong>nou</strong></span> <span class='ocrx_word' id='word_1_29' title='bbox 694 2202 769 2264; x_wconf 83' lang='lat' dir='ltr'><strong>levis</strong></span> <span class='ocrx_word' id='word_1_30' title='bbox 799 2211 905 2262; x_wconf 81' lang='lat' dir='ltr'>auctor</span> <span class='ocrx_word' id='word_1_31' title='bbox 922 2220 985 2262; x_wconf 87' lang='lat' dir='ltr'><strong>sese</strong></span> <span class='ocrx_word' id='word_1_32' title='bbox 1003 2201 1227 2279; x_wconf 83' lang='lat' dir='ltr'><strong>committeret,</strong></span> 
     </span>
     <span class='ocr_line' id='line_1_7' title="bbox 135 2306 1230 2395; baseline -0.009 -21"><span class='ocrx_word' id='word_1_33' title='bbox 135 2331 233 2374; x_wconf 74' lang='lat' dir='ltr'><strong>uuum</strong></span> <span class='ocrx_word' id='word_1_34' title='bbox 254 2310 303 2374; x_wconf 80' lang='lat' dir='ltr'><strong>Tc</strong></span> <span class='ocrx_word' id='word_1_35' title='bbox 320 2311 472 2395; x_wconf 84' lang='lat' dir='ltr'><strong>siquidem</strong></span> <span class='ocrx_word' id='word_1_36' title='bbox 492 2310 630 2373; x_wconf 83' lang='lat' dir='ltr'><strong>ridemus</strong></span> <span class='ocrx_word' id='word_1_37' title='bbox 656 2309 810 2375; x_wconf 80' lang='lat' dir='ltr'><strong>litterario</strong></span> <span class='ocrx_word' id='word_1_38' title='bbox 831 2317 1029 2369; x_wconf 76' lang='lat' dir='ltr'><strong>monumenta</strong></span> <span class='ocrx_word' id='word_1_39' title='bbox 1051 2307 1121 2369; x_wconf 88' lang='lat' dir='ltr'><strong>orbi</strong></span> <span class='ocrx_word' id='word_1_40' title='bbox 1153 2306 1230 2368; x_wconf 80' lang='lat' dir='ltr'><strong>Gol-</strong></span> 
     </span>
     <span class='ocr_line' id='line_1_8' title="bbox 135 2414 1229 2503; baseline -0.008 -20"><span class='ocrx_word' id='word_1_41' title='bbox 135 2418 193 2483; x_wconf 86' lang='lat' dir='ltr'><strong>lico</strong></span> <span class='ocrx_word' id='word_1_42' title='bbox 228 2418 356 2481; x_wconf 74' lang='lat' dir='ltr'><strong>forsitan</strong></span> <span class='ocrx_word' id='word_1_43' title='bbox 382 2421 486 2503; x_wconf 77' lang='lat' dir='ltr'><strong>ignote</strong></span> <span class='ocrx_word' id='word_1_44' title='bbox 508 2414 623 2499; x_wconf 85' lang='lat' dir='ltr'><strong>ubique</strong></span> <span class='ocrx_word' id='word_1_45' title='bbox 655 2418 790 2499; x_wconf 73' lang='lat' dir='ltr'><strong>gentium</strong></span> <span class='ocrx_word' id='word_1_46' title='bbox 817 2414 959 2501; x_wconf 80' lang='lat' dir='ltr'>conquiri</span> <span class='ocrx_word' id='word_1_47' title='bbox 988 2414 1114 2493; x_wconf 88' lang='lat' dir='ltr'><strong>iubere,</strong></span> <span class='ocrx_word' id='word_1_48' title='bbox 1146 2415 1229 2476; x_wconf 81' lang='lat' dir='ltr'><strong>otiu</strong></span> 
     </span>
     <span class='ocr_line' id='line_1_9' title="bbox 134 2522 1230 2607; baseline -0.011 -13"><span class='ocrx_word' id='word_1_49' title='bbox 134 2527 463 2594; x_wconf 75' lang='lat' dir='ltr'><strong>bibliotbeoum&#39;l&#39;uum</strong></span> <span class='ocrx_word' id='word_1_50' title='bbox 482 2523 756 2607; x_wconf 75' lang='lat' dir='ltr'><strong>incomparabilem</strong></span> <span class='ocrx_word' id='word_1_51' title='bbox 773 2523 905 2600; x_wconf 77' lang='lat' dir='ltr'><strong>admitti,</strong></span> <span class='ocrx_word' id='word_1_52' title='bbox 927 2533 965 2585; x_wconf 91' lang='lat' dir='ltr'><strong>ut</strong></span> <span class='ocrx_word' id='word_1_53' title='bbox 978 2535 1008 2586; x_wconf 85' lang='lat' dir='ltr'><strong>et</strong></span> <span class='ocrx_word' id='word_1_54' title='bbox 1028 2522 1230 2584; x_wconf 84' lang='lat' dir='ltr'><strong>certissimum</strong></span> 
     </span>
     <span class='ocr_line' id='line_1_10' title="bbox 135 2629 1226 2721; baseline -0.012 -19"><span class='ocrx_word' id='word_1_55' title='bbox 135 2639 173 2702; x_wconf 82' lang='lat' dir='ltr'><strong>sit</strong></span> <span class='ocrx_word' id='word_1_56' title='bbox 193 2641 383 2721; x_wconf 82' lang='lat' dir='ltr'><strong>rcriptorem</strong></span> <span class='ocrx_word' id='word_1_57' title='bbox 404 2635 459 2721; x_wconf 86' lang='lat' dir='ltr'><strong>qui</strong></span> <span class='ocrx_word' id='word_1_58' title='bbox 480 2643 513 2697; x_wconf 85' lang='lat' dir='ltr'><strong>te</strong></span> <span class='ocrx_word' id='word_1_59' title='bbox 530 2633 613 2696; x_wconf 88' lang='lat' dir='ltr'><strong>ultro</strong></span> <span class='ocrx_word' id='word_1_60' title='bbox 633 2633 698 2695; x_wconf 85' lang='lat' dir='ltr'><strong>udit</strong></span> <span class='ocrx_word' id='word_1_61' title='bbox 716 2630 849 2717; x_wconf 77' lang='lat' dir='ltr'><strong>benignu</strong></span> <span class='ocrx_word' id='word_1_62' title='bbox 870 2631 969 2693; x_wconf 84' lang='lat' dir='ltr'><strong>fronte</strong></span> <span class='ocrx_word' id='word_1_63' title='bbox 990 2629 1154 2692; x_wconf 77' lang='lat' dir='ltr'><strong>udmisum</strong></span> <span class='ocrx_word' id='word_1_64' title='bbox 1178 2629 1226 2690; x_wconf 86' lang='lat' dir='ltr'><strong>iri.</strong></span> 
     </span>
     <span class='ocr_line' id='line_1_11' title="bbox 136 2734 1230 2830; baseline -0.014 -20"><span class='ocrx_word' id='word_1_65' title='bbox 136 2745 196 2810; x_wconf 85' lang='lat' dir='ltr'><strong>boc</strong></span> <span class='ocrx_word' id='word_1_66' title='bbox 216 2767 297 2809; x_wconf 79' lang='lat' dir='ltr'><strong>vero</strong></span> <span class='ocrx_word' id='word_1_67' title='bbox 318 2748 455 2808; x_wconf 85' lang='lat' dir='ltr'><strong>omnium</strong></span> <span class='ocrx_word' id='word_1_68' title='bbox 488 2744 599 2830; x_wconf 78' lang='lat' dir='ltr'><strong>linguis</strong></span> <span class='ocrx_word' id='word_1_69' title='bbox 621 2742 824 2827; x_wconf 76' lang='lat' dir='ltr'><strong>laudibusque</strong></span> <span class='ocrx_word' id='word_1_70' title='bbox 843 2740 989 2804; x_wconf 77' lang='lat' dir='ltr'><strong>celebrari</strong></span> <span class='ocrx_word' id='word_1_71' title='bbox 1007 2734 1115 2812; x_wconf 81' lang='lat' dir='ltr'><strong>debet,</strong></span> <span class='ocrx_word' id='word_1_72' title='bbox 1142 2735 1230 2820; x_wconf 92' lang='lat' dir='ltr'><strong>quod</strong></span> 
     </span>
     <span class='ocr_line' id='line_1_12' title="bbox 138 2841 1231 2935; baseline -0.01 -18"><span class='ocrx_word' id='word_1_73' title='bbox 138 2852 209 2917; x_wconf 74' lang='lat' dir='ltr'><strong>ruet</strong></span> <span class='ocrx_word' id='word_1_74' title='bbox 219 2873 257 2914; x_wconf 85' lang='lat' dir='ltr'><strong>eu</strong></span> <span class='ocrx_word' id='word_1_75' title='bbox 270 2849 441 2935; x_wconf 80' lang='lat' dir='ltr'><strong>prudentie,</strong></span> <span class='ocrx_word' id='word_1_76' title='bbox 454 2870 547 2934; x_wconf 84' lang='lat' dir='ltr'><strong>quum</strong></span> <span class='ocrx_word' id='word_1_77' title='bbox 558 2850 670 2914; x_wconf 78' lang='lat' dir='ltr'><strong>coeteri</strong></span> <span class='ocrx_word' id='word_1_78' title='bbox 684 2871 719 2912; x_wconf 84' lang='lat' dir='ltr'><strong>er</strong></span> <span class='ocrx_word' id='word_1_79' title='bbox 731 2850 881 2912; x_wconf 91' lang='lat' dir='ltr'><strong>librorum</strong></span> <span class='ocrx_word' id='word_1_80' title='bbox 895 2846 1024 2909; x_wconf 86' lang='lat' dir='ltr'><strong>lectione</strong></span> <span class='ocrx_word' id='word_1_81' title='bbox 1037 2841 1231 2907; x_wconf 83' lang='lat' dir='ltr'><strong>emendicare</strong></span> 
     </span>
     <span class='ocr_line' id='line_1_13' title="bbox 138 2955 1227 3044; baseline -0.006 -22"><span class='ocrx_word' id='word_1_82' title='bbox 138 2979 262 3022; x_wconf 63' lang='lat' dir='ltr'><strong>necare</strong></span> <span class='ocrx_word' id='word_1_83' title='bbox 284 2958 409 3035; x_wconf 85' lang='lat' dir='ltr'><strong>hubent,</strong></span> <span class='ocrx_word' id='word_1_84' title='bbox 425 2959 498 3021; x_wconf 83' lang='lat' dir='ltr'><strong>Tibi</strong></span> <span class='ocrx_word' id='word_1_85' title='bbox 517 2961 653 3044; x_wconf 77' lang='lat' dir='ltr'><strong>ingenito</strong></span> <span class='ocrx_word' id='word_1_86' title='bbox 673 2961 722 3040; x_wconf 84' lang='lat' dir='ltr'><strong>sit,</strong></span> <span class='ocrx_word' id='word_1_87' title='bbox 743 2981 794 3022; x_wconf 84' lang='lat' dir='ltr'><strong>eos</strong></span> <span class='ocrx_word' id='word_1_88' title='bbox 815 2970 916 3022; x_wconf 84' lang='lat' dir='ltr'><strong>tumen</strong></span> <span class='ocrx_word' id='word_1_89' title='bbox 938 2968 1025 3021; x_wconf 79' lang='lat' dir='ltr'><strong>tantu</strong></span> <span class='ocrx_word' id='word_1_90' title='bbox 1038 2955 1131 3018; x_wconf 79' lang='lat' dir='ltr'><strong>ouimi</strong></span> <span class='ocrx_word' id='word_1_91' title='bbox 1153 2976 1227 3017; x_wconf 87' lang='lat' dir='ltr'><strong>cou-</strong></span> 
     </span>
     <span class='ocr_line' id='line_1_14' title="bbox 139 3063 1229 3149; baseline -0.001 -23"><span class='ocrx_word' id='word_1_92' title='bbox 139 3065 277 3126; x_wconf 83' lang='lat' dir='ltr'><strong>tentione</strong></span> <span class='ocrx_word' id='word_1_93' title='bbox 288 3074 414 3147; x_wconf 84' lang='lat' dir='ltr'><strong>tumque</strong></span> <span class='ocrx_word' id='word_1_94' title='bbox 428 3066 564 3147; x_wconf 80' lang='lat' dir='ltr'><strong>impenso</strong></span> <span class='ocrx_word' id='word_1_95' title='bbox 584 3077 708 3149; x_wconf 85' lang='lat' dir='ltr'><strong>sumptu</strong></span> <span class='ocrx_word' id='word_1_96' title='bbox 730 3066 897 3149; x_wconf 84' lang='lat' dir='ltr'><strong>compururi</strong></span> <span class='ocrx_word' id='word_1_97' title='bbox 916 3065 981 3143; x_wconf 85' lang='lat' dir='ltr'><strong>vis,</strong></span> <span class='ocrx_word' id='word_1_98' title='bbox 1002 3085 1039 3127; x_wconf 86' lang='lat' dir='ltr'><strong>uc</strong></span> <span class='ocrx_word' id='word_1_99' title='bbox 1052 3067 1076 3127; x_wconf 85' lang='lat' dir='ltr'><strong>ri</strong></span> <span class='ocrx_word' id='word_1_100' title='bbox 1090 3063 1229 3147; x_wconf 85' lang='lat' dir='ltr'><strong>prudeu-</strong></span> 
     </span>
     <span class='ocr_line' id='line_1_15' title="bbox 137 3171 1233 3257; baseline 0.001 -23"><span class='ocrx_word' id='word_1_101' title='bbox 137 3172 181 3234; x_wconf 83' lang='lat' dir='ltr'><strong>tiu</strong></span> <span class='ocrx_word' id='word_1_102' title='bbox 197 3171 250 3234; x_wconf 86' lang='lat' dir='ltr'><strong>illu</strong></span> <span class='ocrx_word' id='word_1_103' title='bbox 267 3172 409 3234; x_wconf 85' lang='lat' dir='ltr'><strong>uouTibi</strong></span> <span class='ocrx_word' id='word_1_104' title='bbox 425 3185 553 3257; x_wconf 79' lang='lat' dir='ltr'><strong>coguutu</strong></span> <span class='ocrx_word' id='word_1_105' title='bbox 566 3174 622 3237; x_wconf 83' lang='lat' dir='ltr'><strong>sed</strong></span> <span class='ocrx_word' id='word_1_106' title='bbox 634 3174 740 3236; x_wconf 84' lang='lat' dir='ltr'><strong>lubore</strong></span> <span class='ocrx_word' id='word_1_107' title='bbox 758 3171 898 3257; x_wconf 84' lang='lat' dir='ltr'><strong>puruude</strong></span> <span class='ocrx_word' id='word_1_108' title='bbox 926 3185 1013 3236; x_wconf 85' lang='lat' dir='ltr'><strong>essct</strong></span> <span class='ocrx_word' id='word_1_109' title='bbox 1027 3174 1132 3257; x_wconf 79' lang='lat' dir='ltr'><strong>itaque</strong></span> <span class='ocrx_word' id='word_1_110' title='bbox 1146 3174 1233 3236; x_wconf 91' lang='lat' dir='ltr'><strong>bono</strong></span> 
     </span>
     <span class='ocr_line' id='line_1_16' title="bbox 140 3277 1229 3364; baseline -0.003 -22"><span class='ocrx_word' id='word_1_111' title='bbox 140 3284 235 3364; x_wconf 75' lang='lat' dir='ltr'><strong>magis</strong></span> <span class='ocrx_word' id='word_1_112' title='bbox 257 3280 384 3364; x_wconf 85' lang='lat' dir='ltr'><strong>publico</strong></span> <span class='ocrx_word' id='word_1_113' title='bbox 401 3277 617 3341; x_wconf 74' lang='lat' dir='ltr'><strong>bibliothecam</strong></span> <span class='ocrx_word' id='word_1_114' title='bbox 637 3280 772 3341; x_wconf 86' lang='lat' dir='ltr'><strong>iustituir</strong></span> <span class='ocrx_word' id='word_1_115' title='bbox 793 3300 885 3362; x_wconf 85' lang='lat' dir='ltr'><strong>quum</strong></span> <span class='ocrx_word' id='word_1_116' title='bbox 898 3278 980 3357; x_wconf 87' lang='lat' dir='ltr'><strong>Tuo,</strong></span> <span class='ocrx_word' id='word_1_117' title='bbox 1002 3288 1039 3341; x_wconf 89' lang='lat' dir='ltr'><strong>ut</strong></span> <span class='ocrx_word' id='word_1_118' title='bbox 1060 3300 1164 3342; x_wconf 89' lang='lat' dir='ltr'><strong>omues</strong></span> <span class='ocrx_word' id='word_1_119' title='bbox 1179 3281 1229 3341; x_wconf 86' lang='lat' dir='ltr'><strong>in·</strong></span> 
     </span>
     <span class='ocr_line' id='line_1_17' title="bbox 140 3384 1229 3473; baseline -0.005 -21"><span class='ocrx_word' id='word_1_120' title='bbox 140 3391 279 3473; x_wconf 77' lang='lat' dir='ltr'><strong>telligeut</strong></span> <span class='ocrx_word' id='word_1_121' title='bbox 294 3399 325 3451; x_wconf 85' lang='lat' dir='ltr'><strong>et</strong></span> <span class='ocrx_word' id='word_1_122' title='bbox 346 3409 413 3451; x_wconf 85' lang='lat' dir='ltr'><strong>rem</strong></span> <span class='ocrx_word' id='word_1_123' title='bbox 432 3384 506 3450; x_wconf 84' lang='lat' dir='ltr'><strong>belli</strong></span> <span class='ocrx_word' id='word_1_124' title='bbox 521 3396 551 3448; x_wconf 85' lang='lat' dir='ltr'><strong>&#39;et</strong></span> <span class='ocrx_word' id='word_1_125' title='bbox 562 3387 646 3471; x_wconf 87' lang='lat' dir='ltr'><strong>pucis</strong></span> <span class='ocrx_word' id='word_1_126' title='bbox 666 3386 779 3448; x_wconf 71' lang='lat' dir='ltr'><strong>decor·</strong></span> <span class='ocrx_word' id='word_1_127' title='bbox 797 3385 1026 3469; x_wconf 80' lang='lat' dir='ltr'><strong>pemeque&#39;sibi</strong></span> <span class='ocrx_word' id='word_1_128' title='bbox 1046 3407 1140 3448; x_wconf 79' lang='lat' dir='ltr'><strong>rurae</strong></span> <span class='ocrx_word' id='word_1_129' title='bbox 1153 3406 1229 3448; x_wconf 80' lang='lat' dir='ltr'><strong>esse.</strong></span> 
     </span>
     <span class='ocr_line' id='line_1_18' title="bbox 142 3495 1232 3579; baseline -0.005 -19"><span class='ocrx_word' id='word_1_130' title='bbox 142 3497 241 3562; x_wconf 77' lang='lat' dir='ltr'><strong>eltuto</strong></span> <span class='ocrx_word' id='word_1_131' title='bbox 249 3496 360 3560; x_wconf 82' lang='lat' dir='ltr'><strong>Gellici</strong></span> <span class='ocrx_word' id='word_1_132' title='bbox 376 3497 479 3559; x_wconf 84' lang='lat' dir='ltr'><strong>hostes</strong></span> <span class='ocrx_word' id='word_1_133' title='bbox 497 3498 627 3559; x_wconf 88' lang='lat' dir='ltr'><strong>uomiuis</strong></span> <span class='ocrx_word' id='word_1_134' title='bbox 640 3496 771 3575; x_wconf 77' lang='lat' dir='ltr'><strong>obtures,</strong></span> <span class='ocrx_word' id='word_1_135' title='bbox 787 3495 887 3558; x_wconf 87' lang='lat' dir='ltr'><strong>ultero</strong></span> <span class='ocrx_word' id='word_1_136' title='bbox 909 3498 1067 3579; x_wconf 81' lang='lat' dir='ltr'><strong>peritiores</strong></span> <span class='ocrx_word' id='word_1_137' title='bbox 1088 3495 1232 3556; x_wconf 86' lang='lat' dir='ltr'><strong>homines</strong></span> 
     </span>
     <span class='ocr_line' id='line_1_19' title="bbox 143 3604 1229 3691; baseline -0.008 -21"><span class='ocrx_word' id='word_1_138' title='bbox 143 3607 272 3684; x_wconf 79' lang='lat' dir='ltr'><strong>efficies,</strong></span> <span class='ocrx_word' id='word_1_139' title='bbox 299 3618 336 3670; x_wconf 89' lang='lat' dir='ltr'><strong>ut</strong></span> <span class='ocrx_word' id='word_1_140' title='bbox 355 3617 470 3691; x_wconf 81' lang='lat' dir='ltr'><strong>queuto</strong></span> <span class='ocrx_word' id='word_1_141' title='bbox 500 3605 543 3668; x_wconf 81' lang='lat' dir='ltr'><strong>sir</strong></span> <span class='ocrx_word' id='word_1_142' title='bbox 567 3618 748 3668; x_wconf 77' lang='lat' dir='ltr'><strong>ornamento</strong></span> <span class='ocrx_word' id='word_1_143' title='bbox 770 3604 900 3689; x_wconf 83' lang='lat' dir='ltr'><strong>principi</strong></span> <span class='ocrx_word' id='word_1_144' title='bbox 921 3614 953 3666; x_wconf 88' lang='lat' dir='ltr'><strong>et</strong></span> <span class='ocrx_word' id='word_1_145' title='bbox 970 3625 1062 3688; x_wconf 84' lang='lat' dir='ltr'><strong>quum</strong></span> <span class='ocrx_word' id='word_1_146' title='bbox 1079 3620 1229 3686; x_wconf 86' lang='lat' dir='ltr'><strong>prospere</strong></span> 
     </span>
     <span class='ocr_line' id='line_1_20' title="bbox 142 3707 1234 3799; baseline -0.011 -22"><span class='ocrx_word' id='word_1_147' title='bbox 142 3736 205 3777; x_wconf 80' lang='lat' dir='ltr'><strong>reru</strong></span> <span class='ocrx_word' id='word_1_148' title='bbox 225 3714 375 3777; x_wconf 80' lang='lat' dir='ltr'><strong>Gallicum</strong></span> <span class='ocrx_word' id='word_1_149' title='bbox 405 3734 511 3799; x_wconf 76' lang='lat' dir='ltr'><strong>gerru,</strong></span> <span class='ocrx_word' id='word_1_150' title='bbox 539 3735 601 3775; x_wconf 89' lang='lat' dir='ltr'><strong>uon</strong></span> <span class='ocrx_word' id='word_1_151' title='bbox 630 3713 721 3777; x_wconf 90' lang='lat' dir='ltr'><strong>modo</strong></span> <span class='ocrx_word' id='word_1_152' title='bbox 750 3713 798 3776; x_wconf 88' lang='lat' dir='ltr'><strong>bis</strong></span> <span class='ocrx_word' id='word_1_153' title='bbox 817 3713 871 3798; x_wconf 89' lang='lat' dir='ltr'><strong>qui</strong></span> <span class='ocrx_word' id='word_1_154' title='bbox 897 3714 994 3774; x_wconf 78' lang='lat' dir='ltr'><strong>vitum</strong></span> <span class='ocrx_word' id='word_1_155' title='bbox 1022 3711 1150 3783; x_wconf 83' lang='lat' dir='ltr'><strong>vivunt,</strong></span> <span class='ocrx_word' id='word_1_156' title='bbox 1172 3707 1234 3770; x_wconf 65' lang='lat' dir='ltr'><strong>sed,</strong></span> 
     </span>
     <span class='ocr_line' id='line_1_21' title="bbox 142 3821 1228 3907; baseline -0.006 -23"><span class='ocrx_word' id='word_1_157' title='bbox 142 3824 232 3884; x_wconf 81' lang='lat' dir='ltr'><strong>etiam</strong></span> <span class='ocrx_word' id='word_1_158' title='bbox 254 3823 384 3907; x_wconf 82' lang='lat' dir='ltr'><strong>posteris</strong></span> <span class='ocrx_word' id='word_1_159' title='bbox 402 3829 527 3884; x_wconf 86' lang='lat' dir='ltr'><strong>uurreut</strong></span> <span class='ocrx_word' id='word_1_160' title='bbox 547 3832 578 3884; x_wconf 88' lang='lat' dir='ltr'><strong>ct</strong></span> <span class='ocrx_word' id='word_1_161' title='bbox 596 3823 730 3885; x_wconf 80' lang='lat' dir='ltr'><strong>trudant.</strong></span> <span class='ocrx_word' id='word_1_162' title='bbox 750 3821 850 3885; x_wconf 82' lang='lat' dir='ltr'><strong>felices</strong></span> <span class='ocrx_word' id='word_1_163' title='bbox 871 3830 971 3881; x_wconf 87' lang='lat' dir='ltr'><strong>uutem</strong></span> <span class='ocrx_word' id='word_1_164' title='bbox 990 3827 1040 3880; x_wconf 85' lang='lat' dir='ltr'><strong>ter</strong></span> <span class='ocrx_word' id='word_1_165' title='bbox 1059 3827 1228 3900; x_wconf 76' lang='lat' dir='ltr'><strong>quaterque</strong></span> 
     </span>
     <span class='ocr_line' id='line_1_22' title="bbox 140 3923 1229 4015; baseline -0.004 -26"><span class='ocrx_word' id='word_1_166' title='bbox 140 3927 173 3990; x_wconf 90' lang='lat' dir='ltr'><strong>bi</strong></span> <span class='ocrx_word' id='word_1_167' title='bbox 194 3952 326 4014; x_wconf 87' lang='lat' dir='ltr'><strong>quorum</strong></span> <span class='ocrx_word' id='word_1_168' title='bbox 359 3952 454 4015; x_wconf 79' lang='lat' dir='ltr'><strong>opero</strong></span> <span class='ocrx_word' id='word_1_169' title='bbox 484 3951 587 3993; x_wconf 88' lang='lat' dir='ltr'><strong>rerum</strong></span> <span class='ocrx_word' id='word_1_170' title='bbox 617 3952 635 3993; x_wconf 80' lang='lat' dir='ltr'><strong>u</strong></span> <span class='ocrx_word' id='word_1_171' title='bbox 665 3931 711 3994; x_wconf 87' lang='lat' dir='ltr'><strong>Te</strong></span> <span class='ocrx_word' id='word_1_172' title='bbox 732 3927 883 4013; x_wconf 81' lang='lat' dir='ltr'><strong>proeclure</strong></span> <span class='ocrx_word' id='word_1_173' title='bbox 902 3938 1053 4010; x_wconf 81' lang='lat' dir='ltr'><strong>gesturum</strong></span> <span class='ocrx_word' id='word_1_174' title='bbox 1080 3923 1229 3986; x_wconf 83' lang='lat' dir='ltr'><strong>memorio</strong></span> 
     </span>
     <span class='ocr_line' id='line_1_23' title="bbox 145 4033 1228 4122; baseline -0.006 -22"><span class='ocrx_word' id='word_1_175' title='bbox 145 4042 283 4101; x_wconf 79' lang='lat' dir='ltr'><strong>testetior</strong></span> <span class='ocrx_word' id='word_1_176' title='bbox 316 4040 395 4117; x_wconf 88' lang='lat' dir='ltr'><strong>erit,</strong></span> <span class='ocrx_word' id='word_1_177' title='bbox 426 4039 491 4101; x_wconf 79' lang='lat' dir='ltr'><strong>siro</strong></span> <span class='ocrx_word' id='word_1_178' title='bbox 518 4037 602 4122; x_wconf 87' lang='lat' dir='ltr'><strong>quod</strong></span> <span class='ocrx_word' id='word_1_179' title='bbox 622 4040 747 4102; x_wconf 80' lang='lat' dir='ltr'><strong>muteriu</strong></span> <span class='ocrx_word' id='word_1_180' title='bbox 767 4037 915 4101; x_wconf 83' lang='lat' dir='ltr'><strong>illustrior</strong></span> <span class='ocrx_word' id='word_1_181' title='bbox 934 4036 998 4098; x_wconf 84' lang='lat' dir='ltr'><strong>sive</strong></span> <span class='ocrx_word' id='word_1_182' title='bbox 1016 4033 1100 4119; x_wconf 89' lang='lat' dir='ltr'><strong>quod</strong></span> <span class='ocrx_word' id='word_1_183' title='bbox 1123 4054 1228 4096; x_wconf 88' lang='lat' dir='ltr'><strong>rerum</strong></span> 
     </span>
     <span class='ocr_line' id='line_1_24' title="bbox 145 4139 1228 4230; baseline -0.008 -22"><span class='ocrx_word' id='word_1_184' title='bbox 145 4150 228 4228; x_wconf 82' lang='lat' dir='ltr'><strong>copia</strong></span> <span class='ocrx_word' id='word_1_185' title='bbox 250 4146 336 4217; x_wconf 86' lang='lat' dir='ltr'><strong>uullu</strong></span> <span class='ocrx_word' id='word_1_186' title='bbox 356 4150 397 4209; x_wconf 86' lang='lat' dir='ltr'><strong>eis</strong></span> <span class='ocrx_word' id='word_1_187' title='bbox 412 4145 507 4229; x_wconf 86' lang='lat' dir='ltr'><strong>possit</strong></span> <span class='ocrx_word' id='word_1_188' title='bbox 521 4143 648 4207; x_wconf 86' lang='lat' dir='ltr'><strong>uberior</strong></span> <span class='ocrx_word' id='word_1_189' title='bbox 661 4148 835 4230; x_wconf 67' lang='lat' dir='ltr'><strong>contingere</strong></span> <span class='ocrx_word' id='word_1_190' title='bbox 847 4165 856 4206; x_wconf 77' lang='lat' dir='ltr'><strong>r</strong></span> <span class='ocrx_word' id='word_1_191' title='bbox 878 4139 1135 4226; x_wconf 77' lang='lat' dir='ltr'><strong>quemadmodum</strong></span> <span class='ocrx_word' id='word_1_192' title='bbox 1147 4141 1228 4200; x_wconf 85' lang='lat' dir='ltr'><strong>enim</strong></span> 
     </span>
     <span class='ocr_line' id='line_1_25' title="bbox 144 4242 1228 4335; baseline -0.011 -21"><span class='ocrx_word' id='word_1_193' title='bbox 144 4257 186 4314; x_wconf 74' lang='lat' dir='ltr'><strong>rei</strong></span> <span class='ocrx_word' id='word_1_194' title='bbox 206 4255 357 4317; x_wconf 74' lang='lat' dir='ltr'><strong>tenuitate</strong></span> <span class='ocrx_word' id='word_1_195' title='bbox 386 4250 544 4334; x_wconf 83' lang='lat' dir='ltr'><strong>scriptoris</strong></span> <span class='ocrx_word' id='word_1_196' title='bbox 563 4250 740 4335; x_wconf 71' lang='lat' dir='ltr'><strong>eloquentia</strong></span> <span class='ocrx_word' id='word_1_197' title='bbox 759 4248 928 4329; x_wconf 85' lang='lat' dir='ltr'><strong>deteritur,</strong></span> <span class='ocrx_word' id='word_1_198' title='bbox 950 4250 993 4310; x_wconf 83' lang='lat' dir='ltr'><strong>itu</strong></span> <span class='ocrx_word' id='word_1_199' title='bbox 1014 4258 1045 4311; x_wconf 85' lang='lat' dir='ltr'><strong>et</strong></span> <span class='ocrx_word' id='word_1_200' title='bbox 1062 4246 1107 4308; x_wconf 84' lang='lat' dir='ltr'><strong>rei</strong></span> <span class='ocrx_word' id='word_1_201' title='bbox 1127 4242 1228 4327; x_wconf 81' lang='lat' dir='ltr'><strong>digni·</strong></span> 
     </span>
     <span class='ocr_line' id='line_1_26' title="bbox 141 4352 1227 4439; baseline -0.008 -17"><span class='ocrx_word' id='word_1_202' title='bbox 141 4371 204 4423; x_wconf 77' lang='lat' dir='ltr'><strong>tate</strong></span> <span class='ocrx_word' id='word_1_203' title='bbox 219 4360 365 4426; x_wconf 71' lang='lat' dir='ltr'><strong>clarescit</strong></span> <span class='ocrx_word' id='word_1_204' title='bbox 383 4371 414 4424; x_wconf 84' lang='lat' dir='ltr'><strong>ct</strong></span> <span class='ocrx_word' id='word_1_205' title='bbox 433 4357 625 4421; x_wconf 82' lang='lat' dir='ltr'><strong>diffunditur.</strong></span> <span class='ocrx_word' id='word_1_206' title='bbox 646 4356 679 4421; x_wconf 88' lang='lat' dir='ltr'><strong>bl</strong></span> <span class='ocrx_word' id='word_1_207' title='bbox 691 4357 809 4421; x_wconf 83' lang='lat' dir='ltr'><strong>Gulliuc</strong></span> <span class='ocrx_word' id='word_1_208' title='bbox 828 4354 906 4417; x_wconf 81' lang='lat' dir='ltr'><strong>fines</strong></span> <span class='ocrx_word' id='word_1_209' title='bbox 924 4353 1160 4439; x_wconf 79' lang='lat' dir='ltr'><strong>prudentissimo</strong></span> <span class='ocrx_word' id='word_1_210' title='bbox 1180 4352 1227 4413; x_wconf 87' lang='lat' dir='ltr'><strong>sc·</strong></span> 
     </span>
     <span class='ocr_line' id='line_1_27' title="bbox 142 4462 1229 4554; baseline -0.01 -21"><span class='ocrx_word' id='word_1_211' title='bbox 142 4467 345 4554; x_wconf 76' lang='lat' dir='ltr'><strong>licinimuque</strong></span> <span class='ocrx_word' id='word_1_212' title='bbox 375 4467 502 4532; x_wconf 88' lang='lat' dir='ltr'><strong>eousilio</strong></span> <span class='ocrx_word' id='word_1_213' title='bbox 533 4464 604 4529; x_wconf 77' lang='lat' dir='ltr'><strong>Tuo</strong></span> <span class='ocrx_word' id='word_1_214' title='bbox 636 4465 770 4552; x_wconf 85' lang='lat' dir='ltr'><strong>prolutus</strong></span> <span class='ocrx_word' id='word_1_215' title='bbox 797 4463 830 4527; x_wconf 89' lang='lat' dir='ltr'><strong>iu</strong></span> <span class='ocrx_word' id='word_1_216' title='bbox 857 4462 947 4526; x_wconf 78' lang='lat' dir='ltr'><strong>ltalia</strong></span> <span class='ocrx_word' id='word_1_217' title='bbox 975 4464 1166 4545; x_wconf 72' lang='lat' dir='ltr'><strong>narrabunt,</strong></span> <span class='ocrx_word' id='word_1_218' title='bbox 1196 4467 1229 4524; x_wconf 83' lang='lat' dir='ltr'><strong>et</strong></span> 
     </span>
    </p>
   </div>
   <div class='ocr_carea' id='block_1_5' title="bbox 0 0 1526 4844">
    <p class='ocr_par' dir='ltr' id='par_1_5' title="bbox 0 0 1526 4844">
     <span class='ocr_line' id='line_1_28' title="bbox 0 0 1526 4844; baseline 0 0"><span class='ocrx_word' id='word_1_219' title='bbox 0 0 1526 4844; x_wconf 95' lang='lat' dir='ltr'><strong> </strong></span> 
     </span>
    </p>
   </div>
  </div>
 </body>
</html>
