3020 4844
229 404 298 466 xrs
478 399 587 462 uren.
619 396 775 461 wouru
809 353 1049 466 emeseno.

226 540 436 617 confusionem
459 549 688 634 gymnasiorum
708 550 895 630 intuentem,
917 558 972 614 stsi
995 553 1071 616 hoec
1092 577 1147 618 nec
1168 562 1315 642 tenuioris

225 675 283 717 nec
313 652 375 716 loci
405 652 496 713 huius
528 673 593 713 esse
622 650 794 712 rideantur.
822 672 917 734 quare
950 654 1069 715 venium
1091 667 1181 737 peto,
1207 658 1231 718 si
1253 683 1315 741 «lun

228 756 331 816 minus
363 750 403 813 ad
423 751 595 813 institutum
626 750 811 832 pertinentia
831 750 1003 831 inculcavi3
1039 764 1069 815 ct
1089 755 1219 816 debetur
1241 757 1316 819 hooc

224 851 435 938 philosophiae
464 850 603 929 libertas,
624 870 702 933 quae
732 852 804 933 quia
825 850 888 912 lere
905 854 1031 914 caeteris
1052 863 1244 917 externarum
1263 880 1314 919 re.

223 973 296 1015 rum
316 950 586 1014 commoditatibus
620 961 652 1012 et
670 953 860 1012 ornamentis
877 962 973 1031 caret,
995 951 1101 1016 saltem
1121 957 1315 1039 cogitationis

225 1064 316 1136 atque
348 1052 501 1115 orationis
526 1046 657 1113 vinariis
688 1048 854 1112 laxioribus
885 1051 1075 1136 astringitur.
1105 1077 1168 1137 quo
1189 1058 1316 1119 nomine

223 1154 365 1217 Socrates
395 1173 429 1214 se
458 1149 586 1213 meliors
611 1148 787 1213 conditione
816 1169 992 1234 essequam
1016 1162 1175 1230 oratores,
1201 1157 1253 1237 qui
1275 1158 1313 1219 ad

223 1273 335 1337 aquam
365 1250 471 1314 dicant
499 1260 531 1312 et
562 1261 672 1312 taeitos
697 1249 833 1311 iudicum
868 1262 960 1313 nutus
983 1252 1167 1327 observent,
1189 1253 1314 1336 gloriosi

222 1351 353 1416 solebat.
383 1372 439 1436 ego
460 1371 537 1414 vcro
564 1370 633 1412 eam
654 1348 807 1412 licentiam
830 1349 907 1412 adeo
927 1351 1002 1412 mihi
1022 1349 1106 1413 leudi
1128 1374 1189 1416 non
1211 1354 1313 1437 dureo,

221 1461 259 1516 nt
277 1452 302 1514 si
321 1472 383 1537 qua
413 1449 503 1536 culpa
535 1449 586 1513 vel
615 1448 675 1512 hac
706 1451 997 1514 commemoratione
1029 1450 1079 1514 vel
1106 1456 1314 1518 conversionis

221 1553 512 1636 procrastinatione,
534 1549 678 1634 longiore
698 1549 823 1632 quidem
844 1572 938 1635 quam
958 1554 1025 1634 ipse
1045 1562 1201 1635 putaram,
1226 1575 1313 1617 com·

221 1654 312 1715 missa
339 1662 405 1732 est,
438 1653 503 1714 eius
522 1650 599 1711 mihi
624 1650 752 1733 gratiam
772 1649 836 1711 fieri
869 1653 1011 1733 cupiam3
1044 1656 1221 1736 praesertim
1243 1675 1313 1719 eum

221 1753 322 1835 exigui
348 1751 499 1835 temporis
521 1770 621 1828 mora,
645 1747 746 1811 omnis
767 1770 871 1834 expers
901 1751 1104 1827 incommodi,
1127 1773 1191 1815 uon
1212 1776 1311 1817 cesso.

219 1853 334 1914 tionem
353 1850 407 1913 sed
426 1850 517 1913 fidem
538 1860 570 1913 et
589 1848 780 1934 diligentium
809 1871 908 1912 meam
928 1862 1053 1934 argust3
1074 1874 1153 1936 quae
1175 1854 1232 1915 nisi
1254 1855 1312 1916 mi·

220 1950 254 2012 hi
271 1951 336 2013 otio
355 1961 385 2013 et
404 1949 575 2014 commodis
597 1953 672 2013 meis
692 1950 846 2034 antiquior
865 1950 987 2029 suisset,
1006 1950 1065 2013 hoc
1086 1951 1192 2014 labore
1214 1953 1312 2014 multo

188 2064 190 2067 ’
220 2050 313 2115 citius
344 2051 471 2137 defungi
506 2053 684 2136 potuissem.
705 2052 759 2114 sed
780 2061 828 2114 sat
847 2053 928 2132 cito,
950 2050 975 2113 si
993 2061 1040 2113 sat
1059 2051 1158 2129 bene,
1181 2062 1215 2112 ut
1236 2052 1313 2115 dici·

222 2160 289 2215 tur.
322 2153 408 2238 quod
439 2155 540 2235 ipsum
569 2152 663 2215 etium
688 2150 797 2214 sedulo
823 2172 872 2213 sne
892 2161 1036 2214 conatum
1062 2173 1126 2215 esse
1145 2174 1214 2214 cunr
1244 2174 1310 2215 rem

219 2252 318 2334 ipsam
349 2260 528 2314 testaturam
544 2250 724 2337 ¹conlidum,
751 2250 826 2312 nihil
846 2252 886 2314 de
911 2273 961 2313 sne
982 2254 1049 2334 ipso
1070 2250 1202 2330 addam,
1223 2252 1310 2336 quod

218 2350 359 2433 quamvis
379 2348 511 2435 amplius
531 2350 648 2435 nliqsid
668 2353 904 2434 praestitissem,
926 2362 1029 2413 tumen
1048 2351 1236 2413 liberalitatis
1258 2373 1310 2413 er·

219 2471 258 2534 gn
294 2471 345 2514 me
364 2451 450 2514 Tuas
478 2463 510 2514 et
541 2452 682 2537 pnhlicaa
714 2472 785 2534 erga
813 2451 962 2514 studiosos
983 2450 1142 2530 homines,
1174 2473 1309 2533 quorum

217 2550 391 2616 comodis
409 2552 481 2615 Tuo
504 2563 626 2635 sumptu
648 2551 798 2631 consulis,
817 2562 934 2635 partem
956 2551 1005 2611 vix
1028 2551 1166 2634 exiguom·
1184 2551 1308 2613 viderer

219 2662 384 2713 uocatus.
443 2651 599 2735 Augustus
633 2650 880 2728 vindelicorum,
919 2652 962 2714 Vl
997 2650 1043 2716 ld.
1077 2648 1182 2737 April.
1224 2672 1306 2712 nnno

219 2746 386 2816 MDthl.
