3020 4844
596 416 837 481 Paternum.
1192 425 1266 488 1111

182 564 262 627 lesit.
292 565 345 628 aed
368 585 407 628 ne
429 566 576 629 memoria
608 567 709 651 lapsus
729 590 794 630 esse
814 580 844 631 ct
865 568 905 631 nb
926 569 1065 634 instituto
1086 593 1148 634 non
1179 587 1267 637 certo

180 662 307 727 coasilio
327 664 482 727 deflexisse
504 667 557 728 sed
588 686 648 748 per
677 668 866 730 oblivionem
887 669 1042 733 aberrasse
1072 672 1197 753 ridear,
1228 676 1268 736 ad

180 766 364 828 Cboniatesn
385 765 504 847 mde03
526 787 618 849 quem
640 767 749 831 ordine
778 769 931 851 aptissimo
963 781 995 832 et
1027 772 1173 856 prudenti
1198 772 1267 835 Tuo

180 866 313 929 consilio
334 867 474 929 zonarae
488 865 667 929 adiunctum
688 889 752 931 esse
781 867 853 933 dixi.
878 889 948 930 nam
970 891 1033 953 quo
1062 874 1094 932 in
1116 872 1183 934 loco
1214 872 1267 935 ille

178 964 317 1028 Annales
336 987 407 1028 suos
427 965 550 1049 finivit,
580 968 612 1027 in
636 965 735 1029 Alexii
758 969 906 1031 Comneui
927 969 1071 1033 videlicet
1091 970 1200 1046 obitu,
1229 993 1267 1034 eo
1298 973 1300 977 ’

178 1070 211 1126 in
235 1067 304 1127 loco
322 1064 374 1128 hic
393 1086 481 1128 suam
501 1065 659 1129 bistoriem
681 1068 867 1151 auspicatur,
890 1090 938 1130 res
958 1081 1131 1132 memoratu
1148 1071 1266 1156 dignas,

142 1176 146 1181 ’
175 1186 257 1251 quac
282 1166 315 1226 iss
336 1166 504 1250 bysantino
524 1167 653 1250 imperio
669 1184 835 1228 ‘annorum
865 1168 987 1231 circiter
1008 1167 1049 1232 86
1069 1170 1165 1253 spatio
1185 1174 1266 1233 acci-

173 1266 309 1344 derant,
332 1265 516 1349 complexus.
540 1276 631 1349 atque
651 1266 769 1329 utinam
790 1265 867 1328 alius
883 1270 1020 1331 Graecus
1038 1270 1191 1349 extitisset,
1209 1275 1264 1353 qui

174 1366 216 1428 ab
237 1365 301 1428 boc
330 1375 456 1427 auctore
486 1374 519 1428 et
541 1363 749 1449 Cbaleo'ndyle
779 1367 993 1448 praetermissa
1026 1371 1094 1452 pari
1124 1369 1263 1432 facundia

173 1473 358 1550 prosecutus
373 1475 461 1528 esset.
482 1464 582 1543 maior
594 1467 676 1526 enim
697 1474 743 1527 est
764 1466 930 1528 Chonistae
946 1467 1037 1549 copia
1056 1477 1087 1529 et
1106 1468 1261 1553 diligentia

173 1566 332 1649 lectioque
352 1564 519 1627 iucundior
537 1584 630 1649 quam
655 1565 803 1630 Zonarae.
822 1567 870 1628 cui
891 1587 952 1627 una
972 1565 1105 1630 brevitas
1125 1589 1264 1633 neeessa-

172 1666 222 1727 rio
245 1663 403 1749 proposita
426 1663 497 1746 linit,
518 1663 602 1749 quod
624 1664 741 1748 alioqui
762 1687 838 1749 opus
858 1666 890 1728 ia
912 1667 1094 1729 immensum
1114 1671 1262 1733 excrevis-

171 1777 225 1826 set.
248 1765 344 1848 idque
369 1760 419 1825 vel
450 1784 486 1827 ex
513 1785 554 1825 eo
585 1775 731 1848 apparet,
767 1763 850 1848 quod
881 1764 1009 1828 heroine
1038 1766 1262 1849 eruditissima,

175 1865 268 1926 Anna
289 1865 475 1938 Caesarissa,
489 1865 691 1947 'imperatoris
712 1863 810 1927 Aleaii
830 1865 910 1941 filia,
931 1864 1080 1928 derebus
1099 1869 1260 1952 gestispa·

169 1968 227 2028 tris
249 1966 299 2027 sui
321 1962 419 2026 libros
439 1984 478 2026 ao
496 1965 637 2048 scripsit,
657 1966 710 2048 qui
732 1964 832 2024 adbuc
861 1965 893 2025 in
913 1965 1110 2049 Assgustanae
1137 1968 1183 2029 rei
1202 1989 1260 2051 pu·

168 2065 272 2127 blioae
294 2062 483 2126 bibliotheca
508 2073 632 2142 extant,
662 2086 734 2126 cum
756 2066 890 2126 Zonaras
919 2067 1013 2126 vitam
1043 2065 1126 2128 illius
1157 2069 1259 2151 paucis

166 2165 247 2227 foliis
268 2164 487 2248 perstrinxerit.
515 2172 551 2224 ut
584 2175 686 2225 autem
718 2162 853 2226 brevitas
875 2167 1053 2227 memoriam
1080 2164 1187 2246 iurat,
1214 2169 1259 2229 ita

167 2266 304 2327 sudores
317 2260 505 2324 narrationes
524 2260 593 2345 plns
613 2261 823 2325 delectationis
843 2263 975 2342 babent,
996 2264 1027 2325 in
1046 2284 1155 2348 magua
1169 2286 1258 2348 prae·

164 2364 278 2426 sertim
300 2362 450 2423 varietate
472 2369 584 2424 rerum*
598 2371 628 2422 et
654 2359 761 2422 subitis
788 2361 928 2424 fortuma
950 2365 1256 2447 commutationibus,

165 2485 248 2548 quse
269 2483 333 2524 non
355 2461 458 2525 multis
479 2462 565 2524 annis
582 2460 756 2543 plurimae,
776 2482 891 2545 eaeque
913 2461 1066 2525 mirabiles
1094 2485 1130 2525 ac
1155 2466 1257 2548 potins

165 2549 524 2646 miserabilea,praeter
545 2564 779 2644 expectationem
794 2562 938 2639 Graecos,
961 2582 1038 2645 quos
1058 2562 1108 2624 bic
1129 2566 1256 2648 scriptor

165 2663 385 2726 Romanorum
411 2660 613 2745 appellatione
639 2662 799 2739 honestat,
829 2673 1080 2744 oppresscrunt,
1099 2676 1255 2728 crescente

167 2764 199 2824 in
219 2763 290 2826 dies
310 2763 475 2823 Persarum
494 2763 561 2823 sive
581 2761 752 2823 Tuscorum
765 2763 856 2839 lnam
876 2763 1065 2823 recentiores
1085 2766 1256 2845 promiscue

165 2861 215 2925 bia
234 2859 397 2926 vocabulis
415 2864 556 2939 utuntur)
575 2865 725 2943 potentia3
745 2881 880 2945 qnorum
900 2860 1100 2942 grassationes
1118 2872 1149 2929 et
1162 2862 1254 2925 Chri·

165 2965 343 3025 stianorunr
365 2961 538 3044 principum
557 2958 704 3022 desidiam
723 2959 1009 3044 acperversitatesn
1032 2969 1117 3022 tanta
1141 2959 1254 3025 doloris

166 3063 342 3125 acerbitate
363 3058 526 3122 Cboniates
546 3061 666 3142 saepius
693 3058 850 3142 deplorat,
876 3069 912 3121 ut
940 3079 1011 3121 eum
1037 3059 1078 3121 ab
1110 3062 1252 3124 omnibns

163 3165 218 3247 qui
239 3160 288 3224 rei
309 3158 452 3244 publicae
468 3169 585 3244 partem
607 3156 740 3241 aliquam
760 3161 937 3242 attingunt,
966 3160 1076 3221 nostris
1102 3161 1250 3243 tempori.

163 3261 221 3325 bns
240 3261 304 3343 legi
322 3279 515 3343 summopere
535 3257 692 3343 expediat,
724 3263 750 3320 si
779 3258 855 3320 forte
886 3259 1109 3320 Germanorum
1134 3260 1251 3340 animi,

162 3382 301 3445 qnorum
320 3357 473 3422 fortitudo
500 3369 532 3422 et
560 3360 657 3442 pietas
686 3358 717 3420 in
750 3358 959 3441 recuperanda
991 3358 1082 3442 Syria
1109 3367 1141 3420 et
1166 3369 1249 3420 terra

162 3472 272 3524 mma
291 3456 436 3521 laudibus
454 3459 583 3544 egregiis
602 3459 660 3522 boc
679 3458 789 3541 scripto
817 3469 971 3532 ornatur,
1001 3456 1174 3520 clarissimis
1195 3479 1249 3519 ex.

164 3562 274 3644 emptis
295 3556 430 3621 Gonmdi
450 3566 484 3621 et
504 3557 656 3621 Friderici
677 3561 896 3641 imperatorum
918 3555 1025 3619 saltem
1044 3554 1084 3618 ad
1103 3555 1271 3619 tuendam-

163 3660 326 3741 petriam,
345 3655 410 3719 boc
430 3666 478 3720 est
502 3658 617 3720 vicinas
638 3656 827 3735 Pannonias,
851 3657 1031 3719 excitentur.
1055 3674 1140 3718 nunc
1168 3659 1249 3718 enirn

163 3774 225 3820 non
246 3756 290 3821 ds
310 3754 402 3821 laude
421 3766 454 3819 et
473 3754 570 3842 gloria
591 3752 815 3833 laborandum,
836 3754 889 3818 sed
909 3754 948 3818 de
966 3756 1028 3816 aris
1047 3766 1078 3818 et
1097 3755 1171 3818 focis
1191 3776 1248 3839 pu·

162 3856 321 3938 gandam
341 3877 405 3921 cese
423 3866 562 3942 apparet.
582 3854 665 3940 quod
684 3876 748 3938 quo
770 3857 872 3918 minus
892 3854 957 3929 liat,
981 3852 1068 3917 nulla
1088 3875 1136 3917 rss
1153 3874 1249 3937 aeque

163 3953 195 4016 ia
212 3978 308 4022 caum
329 3966 376 4022 eat
401 3968 495 4044 atque
524 3958 732 4021 dissensiones.
764 3960 918 4037 (issam,
952 3965 1076 4040 praeter
1103 3953 1247 4019 intestina

161 4052 243 4118 belle
260 4079 298 4121 es
319 4058 487 4123 ambitione
507 4060 572 4123 fere
591 4068 680 4137 orta,
702 4058 894 4142 voluptatum
915 4054 1053 4118 studium
1084 4064 1115 4116 et
1138 4057 1247 4137 ignara

164 4154 345 4221 monarcbia
370 4158 526 4243 perdidit:
557 4158 648 4222 nobis
679 4158 844 4221 temeraria
871 4152 1008 4218 bellandi
1036 4151 1187 4236 cupiditas
1216 4165 1247 4217 et

164 4250 281 4317 discors
298 4275 337 4318 ao
357 4248 495 4343 inquieta
510 4249 691 4346 polyarchia
713 4256 745 4322 id
768 4257 923 4336 minatur,
943 4250 1029 4342 quod
1046 4251 1125 4317 absit
1144 4262 1244 4317 ntea·
