3020 4844
589 471 854 537 nummulum.

186 622 336 694 descriptio
353 625 400 692 (a).
436 624 549 676 diarius
569 624 720 675 comnenus
737 624 861 676 relictum
876 624 1016 694 imperium
1028 619 1140 694 frustra
1161 631 1265 690 repetet.

182 698 287 749 lsuneii
305 709 330 746 et
349 696 443 747 Aieaii
461 694 520 757 filii
536 690 680 744 dissidium
696 693 840 760 turpitudo
857 693 991 748 uecordia
1007 692 1199 744 monaelnnum
1217 711 1266 744 as-

180 765 384 819 sentationibus
403 765 521 823 lavetur.
545 765 692 815 Mineruae
708 776 826 814 statuam
838 781 947 816 aeream
959 765 1035 830 plels
1045 765 1203 814 comminuit
1217 763 1266 832 (3).

182 835 281 888 Latini
310 836 420 903 rapinis
445 829 582 885 incendiis
601 834 685 905 ferro
713 845 879 899 grassantur
895 837 926 884 in
944 834 1120 899 Byzantinos.
1153 834 1268 884 sileains

183 904 278 958 Dueas
289 905 445 971 llurzuflus
457 903 565 954 Latinis
584 905 695 954 resistit.
712 901 811 955 seditio
829 914 928 954 contra
945 905 1081 955 isaacium
1099 914 1125 953 et
1143 904 1267 954 Alexium
1295 913 1297 918 ·

183 977 306 1044 lisgelos
323 976 370 1039 (4).
413 972 547 1026 Nicolaus
570 972 698 1024 Canobus
714 971 873 1025 adolescens
899 991 917 1024 a
933 972 1009 1041 plebe
1029 973 1137 1024 invitus
1151 974 1269 1041 impera-

181 1055 227 1095 tor
244 1046 444 1112 inauguratur.
479 1041 590 1094 isaacio
610 1043 731 1094 animam
756 1055 852 1111 agente
868 1042 981 1094 Alexius
1000 1041 1078 1105 filius
1093 1041 1149 1092 siisi
1169 1060 1271 1094 eonsu-

180 1113 220 1165 lit.
257 1114 413 1183 illurzuflus
432 1123 520 1165 astute
540 1110 655 1174 deiicis,
683 1124 710 1164 et
735 1112 846 1165 Castalio
871 1130 1000 1184 oppresso
1019 1114 1081 1165 uita
1096 1112 1202 1182 spoliat
1220 1114 1269 1181 (5).

328 1246 392 1309 DE
431 1246 625 1310 ALEXIO
663 1245 801 1308 DUCA
836 1246 1131 1309 MURZUFLO.

253 1379 352 1431 Alesii
368 1378 465 1432 Ducat
486 1379 621 1450 Murzufii
637 1377 788 1447 ingenium.
815 1377 997 1449 locupletibus
1014 1378 1138 1431 multatis
1155 1379 1225 1431 lello
1243 1396 1270 1430 se

178 1465 279 1520 porum
295 1449 420 1517 feliciter
435 1461 528 1520 parat.
549 1468 567 1501 a
585 1449 693 1501 Latinis
706 1448 826 1518 fugatur
841 1450 890 1517 (ι).
924 1449 1136 1522 pacificationis
1154 1463 1270 1502 conatus

183 1521 270 1570 irriti.
290 1518 367 1570 artis
397 1520 566 1589 oppugnatio
588 1521 756 1587 expugnatio
774 1530 800 1569 et
821 1516 1018 1570 ineruditione
1040 1535 1085 1571 um
1104 1534 1175 1569 unus
1194 1520 1271 1569 Luti-

181 1607 234 1641 nns
254 1591 375 1642 Graecos
394 1592 426 1640 iu
439 1589 539 1658 fissam
555 1591 639 1640 vertit
653 1588 699 1657 (α).
737 1589 872 1652 Murzufli
880 1589 965 1659 fugo.
1002 1537 1161 1642 licentiosus
1177 1587 1272 1638 Duces

181 1671 208 1709 et
226 1658 358 1711 lassaris
379 1659 493 1728 fnestra
512 1656 545 1709 de
563 1658 599 1709 im
620 1659 678 1709 erio
710 1655 888 1710 contendunt.
906 1659 983 1709 urbis
1002 1657 1121 1727 direptio
1140 1668 1167 1708 et
1183 1660 1274 1710 sucri-

180 1729 317 1791 legiorum
334 1725 492 1796 deploratio
511 1730 559 1795 (3).
594 1677 755 1780 liutitiorum
783 1729 814 1777 iu
833 1728 899 1778 urbe
916 1725 1145 1796 depraedationes
1167 1740 1193 1779 et
1211 1729 1273 1778 alia

178 1798 304 1866 flagitia.
329 1794 477 1850 eorundem
504 1799 660 1849 insectatio.
703 1797 857 1849 Sarraceni
881 1798 992 1848 Latinis
1018 1797 1195 1848 lsumnniores
1225 1798 1272 1865 (4).

180 1868 347 1936 lleplorutio
376 1865 454 1918 artis
472 1868 581 1936 prolixe
605 1865 745 1936 descripta
771 1884 821 1935 per
847 1865 971 1918 Nicetnm
992 1867 1040 1935 (⁵)
1085 1867 1227 1939 Confessio
1244 1877 1272 1916 et

179 1938 335 1989 invocatio.
347 1937 492 2006 multiplea
510 1936 574 1989 item
587 1937 743 1990 consolatio
754 1949 779 1988 et
791 1932 1034 2006 adpotnitentiam
1052 1933 1210 1987 adhortatio
1223 1935 1272 2004 (ὕ).

203 2071 271 2133 DE
293 2070 461 2134 REBUS
485 2071 614 2134 POST
637 2071 846 2135 CAl‘TAM
867 2071 1038 2134 URBEM
1066 2071 1253 2133 GESTlS.

249 2201 365 2254 llieetas
390 2201 525 2253 rationem
551 2200 641 2255 reddit
664 2220 717 2257 cur
744 2217 804 2271 post
832 2215 1015 2274 expugnatam
1040 2222 1058 2257 a
1076 2202 1184 2255 latinis
1203 2205 1274 2272 Cpo·

179 2272 228 2325 lim
249 2271 362 2323 Solonis
388 2272 535 2340 exemplum
555 2288 612 2323 nou
631 2276 668 2323 sit
686 2273 863 2341 imitatus(t).
902 2277 1068 2328 Graecorum
1086 2270 1188 2326 cladem
1207 2277 1274 2325 nul·

178 2343 208 2394 la
227 2338 363 2423 proelipia
387 2357 605 2409 praecesserunt.
633 2355 730 2412 captae
748 2344 823 2394 urbis
848 2344 1014 2397 miserrimus
1031 2355 1124 2395 status.
1158 2344 1272 2395 Nicetac

176 2412 335 2481 peculiares
355 2409 483 2464 condicio
502 2410 551 2480 (u).
588 2413 671 2465 Miris
695 2411 782 2464 modis
799 2427 984 2464 construatur
1003 2415 1133 2473 Nicetes,
1151 2414 1201 2483 oni
1221 2432 1274 2465 na·

178 2483 262 2534 bilem
280 2480 420 2549 virginem
437 2497 455 2532 a
475 2483 596 2549 raptoris
618 2499 701 2533 manu
719 2479 870 2551 prudenter
886 2480 1014 2534 vindicat
1032 2484 1080 2551 (3).
1117 2483 1183 2533 Cissn
1199 2500 1273 2535 moe·

179 2554 263 2603 nibus
276 2549 353 2601 urlns
364 2550 478 2602 Nicetae
493 2552 677 2620 expostulatio
688 2564 713 2603 et
730 2552 805 2605 ustis
817 2551 957 2604 adlocutio
972 2553 1127 2622 inaniaque
1143 2564 1211 2603 vota
1223 2554 1272 2622 (4).

179 2622 298 2672 llicetae
317 2631 345 2669 et
362 2619 615 2673 aliorumessnlum
627 2622 762 2692 flntuna,
780 2624 877 2693 populi
894 2622 956 2672 item
975 2635 1001 2673 et
1020 2622 1138 2673 militum
1157 2623 1274 2673 licentia

179 2688 352 2741 ‹lt-scribitur
369 2686 419 2756 (5).
463 2692 541 2742 inter
558 2692 647 2744 Duces
664 2693 777 2745 Latinos
794 2693 904 2744 sortitio
920 2694 1132 2760 provinciarum
1154 2689 1274 2742 nondum

180 2759 369 2812 subactarum.
390 2758 422 2808 in
439 2761 559 2812 aorisitiis
578 2764 663 2830 regiis
682 2764 839 2815 sortitionis
848 2765 926 2813 ritus.
949 2760 1103 2814 Balduinus
1124 2759 1274 2812 Flundriae

180 2846 271 2881 eomes
291 2823 420 2878 Dastduli
437 2846 523 2897 opera
543 2843 657 2884 creatur
674 2834 831 2901 imperator·
851 2829 969 2883 eiusdem
987 2832 1104 2900 elogium
1123 2829 1170 2897 (6).
1205 2832 1273 2882 Bul·

179 2896 283 2949 sluinus
302 2896 445 2962 imperium
461 2898 587 2951 stabilire
613 2899 712 2957 studet.
739 2898 778 2954 ad
800 2918 859 2954 eum
878 2901 1041 2970 Bonifatius
1060 2899 1184 2950 marchio
1201 2900 1273 2963 ‹lofi-

180 2971 239 3028 cit,
262 2976 290 3017 et
310 2967 509 3018 reconciliatus
528 2969 674 3022 Graeciam
692 2983 808 3039 occupat
826 2969 873 3038 (7).
908 2973 1045 3022 ilenrieus
1062 2966 1274 3039 Balduinijia-

180 3050 224 3089 ter
242 3049 272 3091 et
289 3036 388 3087 Petrus
405 3037 537 3088 Plancius
554 3040 673 3091 Asianos
697 3040 777 3092 urbes
795 3053 940 3107 occupant.
974 3041 1078 3092 Prusae
1094 3040 1178 3089 irrita
1199 3039 1274 3088 olisi-

180 3106 237 3158 dio.
277 3102 436 3157 sseodorus
455 3104 702 3177 l’lsilatlelpltiensis
723 3109 756 3160 ab
772 3111 892 3162 ilenrico
909 3111 1083 3179 profligatus.
1104 3106 1273 3159 marchionis

182 3180 213 3228 in
232 3177 355 3227 Graecia
373 3178 571 3242 grassationes.
607 3177 818 3231 Leonis'Scurii
840 3179 959 3246 Nauplii
977 3178 1106 3245 tyramtis
1150 3177 1274 3229 llliclsuel

184 3245 336 3297 Cleonintcs
353 3244 469 3297 Leonem
484 3249 579 3315 placet
600 3248 650 3316 (8).
686 3251 788 3302 Scnrus
805 3248 895 3300 Alesii
912 3248 1087 3317 imperatoris
1104 3246 1194 3316 filiam
1214 3248 1274 3301 Eu·

182 3313 295 3367 dociam
315 3313 402 3366 ducit.
448 3318 582 3384 llesrmtjli
604 3320 768 3371 miserabilis
788 3319 926 3372 interitus.
943 3317 1067 3371 marcln'o
1087 3318 1207 3370 Graecia
1223 3336 1274 3381 po·

182 3385 253 3435 titur
297 3386 403 3436 Scarus
429 3386 661 3439 Acrocorinthum
685 3388 818 3455 confugit.
852 3389 966 3441 Alesius
992 3388 1102 3457 imperii
1118 3388 1273 3450 insignibus

183 3457 298 3506 exuitur
313 3454 363 3521 (9).
408 3455 511 3507 Graeci
527 3457 627 3508 milites
649 3474 667 3508 a
687 3458 796 3509 latinis
814 3454 954 3524 repudiati
973 3456 1137 3507 Blaelsornm
1154 3472 1205 3521 opo
1222 3472 1272 3506 ur-

183 3522 227 3573 lcs
245 3522 286 3574 ad
305 3523 486 3585 defectionem
510 3526 660 3593 impellunt.
695 3527 790 3578 latini
816 3523 1007 3579 Occidentales
1026 3525 1105 3576 nrbes
1124 3541 1272 3592 recupero-

183 3608 213 3643 rc
232 3605 375 3661 satagunt.
404 3594 570 3647 Graecorum
594 3593 685 3647 clades
704 3594 742 3647 sul
759 3594 971 3664 Arcadiopolim.
1007 3593 1207 3662 Adrianopolis
1224 3594 1272 3645 ol-

184 3658 264 3714 sidio.
301 3663 400 3714 latirsi
420 3681 438 3713 a
466 3663 574 3727 Scptltis
600 3663 632 3714 in
649 3664 769 3718 insidias
785 3667 899 3737 pellecti
915 3684 934 3717 a
951 3665 1063 3718 Blaclsis
1080 3666 1228 3733 capiuntur
1245 3676 1272 3714 et

184 3730 357 3786 occiduntur.
399 3732 548 3786 Dandulus
578 3731 674 3804 effingit
698 3736 762 3805 (ιο).
806 3736 906 3790 Graeci
925 3755 943 3788 a
957 3734 1065 3801 Scytliis
1082 3745 1108 3786 et
1125 3751 1143 3785 a
1162 3734 1273 3785 Latinis

184 3815 331 3852 verentur.
372 3804 511 3867 Mysos-sins
529 3814 555 3856 et
567 3803 729 3856 Latinorum
748 3823 844 3876 pugna
864 3804 904 3858 ad
918 3809 1024 3860 Serras.
1045 3803 1169 3856 marcltio
1189 3804 1272 3855 Tires-

186 3871 400 3923 snlanicensiuns
418 3869 595 3937 defectionem
619 3874 771 3928 ulciscitur.
812 3878 906 3929 Alesii
922 3876 1067 3945 relegatio.
1087 3873 1273 3925 marelsioniei

186 3938 275 3991 denuo
300 3958 319 3992 a
344 3941 453 4007 Scytliis
475 3945 630 3996 vincuntur
658 3954 684 3995 et
706 3944 787 3996 urbes
803 3947 939 3999 amittunt.
986 3944 1084 3995 latini
1100 3945 1132 3994 in
1146 3943 1271 3995 Tliracin

185 4023 351 4075 grassantur
362 4011 427 4081 (ιι)
462 4013 599 4066 ilenricus
615 4012 750 4065 Baldnini
760 4016 856 4085 frater
869 4019 970 4085 Aprum
979 4016 1012 4066 ui
1025 4024 1180 4084 (rpus-‘Mis
1200 4014 1272 4062 οη·-

184 4077 299 4130 scindens
316 4080 426 4145 frustra
449 4096 596 4148 oppugnat.
631 4084 706 4137 Petri
730 4086 844 4140 Planeii
859 4101 948 4140 casus.
977 4085 1037 4136 lites
1064 4096 1091 4137 et
1108 4081 1202 4152 fomes
1221 4083 1271 4133 ols-

184 4148 320 4201 sidiontsn
338 4151 461 4203 solvunt.
475 4150 696 4218 Didymoticlium
712 4154 788 4208 Euri
805 4153 991 4209 exundatione
1010 4151 1157 4220 defensum.
1179 4153 1270 4203 Grae-

184 4222 244 4272 ciae
262 4219 434 4271 miserrimus
460 4234 548 4274 status
565 4220 630 4291 (su).
672 4225 861 4279 Mausoromes
876 4226 1005 4277 lascaris
1021 4236 1048 4275 et
1068 4224 1220 4275 Comnenus
1236 4224 1269 4272 in

186 4290 298 4342 Oriente
322 4285 357 4342 dt
382 4289 499 4360 imperio
528 4292 705 4347 eosncndunt.
747 4295 959 4365 Philippopolim
984 4292 1102 4355 lllaclti,
1120 4292 1267 4346 lluaoiam

185 4360 302 4425 mystae
322 4370 445 4416 vallant·
464 4360 562 4415 latim
578 4361 617 4416 ad
634 4365 744 4419 liutiunt
764 4367 840 4420 caesi
854 4383 873 4419 a
891 4363 998 4432 Seytltis
1017 4363 1081 4433 (13).
1117 4362 1266 4415 Multarum
