3020 4844
291 375 362 437 nr
676 373 786 440 urna.
817 332 1003 437 Womr'

286 526 453 610 patiamur.
476 534 509 589 et
540 523 629 590 facile
657 545 857 600 caveremus,
888 525 946 587 nisi
977 526 1060 588 intuli
1084 525 1216 611 quadam
1237 531 1372 595 siderum

286 629 483 710 impressione
503 627 613 687 animis
635 636 726 709 atque
754 626 882 687 auribus
910 647 929 688 a
959 627 1040 688 sanis
1070 628 1203 692 consiliis
1234 629 1375 717 plerique

286 726 508 789 abhorrerent.
530 726 693 788 imminuta
712 724 837 809 quidem
857 734 921 800 est,
945 736 975 786 et
999 724 1094 789 veluti
1115 725 1194 790 laeta
1211 751 1295 814 seges
1313 734 1376 794 tri.

287 829 327 889 sti
349 825 427 888 lolio
450 835 615 908 corrupta,
636 836 724 887 vetus
744 835 869 887 nostrae
889 824 987 906 gentis
1005 825 1185 910 integritas3
1209 830 1291 913 quod
1321 852 1375 892 er.

287 939 427 991 terarum
446 927 609 988 nationum
629 923 764 1009 quodam
784 925 871 1009 quasi
890 926 1032 1008 contagio
1061 926 1204 990 accidisse
1228 928 1385 1011 ridetur,-

287 1048 417 1112 quarum
435 1025 517 1090 mala
541 1047 613 1089 eum
638 1024 750 1086 nostris
782 1022 1015 1103 coniunximus‚
1046 1044 1119 1087 eum
1151 1030 1377 1110 peregrinatio·

285 1150 360 1190 num
391 1128 417 1190 is
450 1128 521 1190 linis
553 1145 618 1188 esse
643 1123 770 1203 debeat,
801 1131 839 1185 ut
859 1125 970 1186 innatis
1003 1134 1035 1185 et
1064 1126 1285 1189 consuetudine
1306 1129 1376 1191 ino·

285 1228 346 1290 litis
376 1228 459 1290 vitiis
489 1224 614 1287 abiectis
645 1224 778 1286 aliorum
804 1225 936 1287 virtutes
968 1225 1172 1304 asciscamus,
1207 1246 1376 1311 eorumque

284 1324 447 1410 prudentia
477 1335 507 1387 et
535 1322 726 1386 humanitate
765 1321 804 1386 ad
835 1344 927 1386 omne
957 1344 1052 1407 genus
1083 1321 1176 1387 officii
1206 1333 1238 1388 et
1275 1325 1376 1390 landis

283 1425 466 1488 erudiamur.
501 1423 556 1486 sed
599 1424 624 1487 ri
659 1431 781 1486 caetera
826 1435 1016 1507 spectemus,
1056 1444 1214 1508 uunquam
1244 1427 1375 1489 Germa·

283 1528 336 1588 niu
370 1524 443 1587 viris
474 1523 565 1586 armis
596 1522 707 1608 opibus
738 1512 871 1587 consiliis
899 1524 958 1587 fuit
991 1522 1188 1603 instruction
1220 1547 1295 1611 quaa
1326 1547 1375 1588 res

283 1635 414 1709 propter
443 1623 625 1688 discordiam
652 1644 717 1686 non
753 1626 786 1685 in
823 1622 959 1687 hostium
992 1623 1215 1687 detrimentum
1251 1625 1305 1688 sed
1342 1626 1375 1688 in

283 1726 402 1810 patriae
432 1724 560 1789 exitium
590 1723 767 1787 detestanda
795 1723 999 1804 crudelitate,
1031 1744 1070 1787 na
1102 1724 1203 1787 dicam
1231 1724 1375 1805 insania,

283 1827 501 1891 convertimus.
544 1844 624 1908 quae
658 1821 801 1908 cogitatio
831 1822 908 1886 'cnm
941 1825 974 1887 iu
1012 1821 1103 1888 buius
1143 1822 1290 1887 historiae
1325 1825 1377 1886 in·

283 1926 506 2009 terpretotione
523 1923 655 1988 subinde
676 1944 777 1987 meum
798 1924 936 1987 animum
956 1923 1084 2002 feriret,
1115 1933 1145 1986 et
1167 1922 1251 1986 haud
1279 1921 1377 1988 dubia

283 2020 476 2088 cordatiores
498 2044 621 2109 quoqne
640 2024 771 2086 lectores
792 2022 1010 2086 extimulatura
1030 2026 1092 2100 sit,
1115 2043 1180 2085 uon
1200 2031 1376 2107 temperare

284 2126 361 2188 mihi
381 2124 468 2211 potui
489 2125 565 2210 quin
585 2122 670 2187 huno
696 2120 820 2203 locum,
850 2144 942 2207 quem
972 2125 1109 2186 omniurn
1142 2124 1252 2187 animis
1283 2136 1376 2209 atque

281 2225 382 2288 oculis
401 2245 523 2307 semper
536 2222 696 2288 obversari
715 2223 907 2286 utilissimum
926 2223 1041 2299 luerit,
1062 2222 1164 2286 obiter
1184 2225 1377 2308 attingerems

283 2344 368 2388 nune
397 2323 437 2387 de
463 2324 523 2387 hoo
554 2344 649 2407 opere
679 2321 845 2386 dicendum
873 2334 938 2404 est3
967 2322 1051 2406 quod
1083 2321 1139 2385 etsi
1172 2319 1278 2385 labore
1310 2345 1375 2386 uon

284 2425 384 2489 multo
404 2425 554 2504 minora,
573 2424 664 2509 longe
684 2433 787 2487 tamen
807 2423 916 2486 maiori
935 2444 1005 2485 eum
1025 2415 1183 2506 voluptate
1209 2425 1375 2504 converti,

283 2536 412 2610 propter
435 2524 579 2588 historias
597 2525 674 2587 milri
696 2523 825 2586 antehae
847 2521 912 2586 sere
935 2522 1103 2606 incognitas
1130 2533 1161 2586 et
1188 2519 1312 2606 planius
1338 2546 1375 2588 aa

286 2625 384 2688 surius
405 2625 555 2687 orationis
568 2644 671 2708 genus.
695 2623 728 2684 in
750 2643 813 2707 qno
833 2632 936 2686 tamen
955 2622 1149 2685 immodicam
1165 2623 1375 2688 nesciocuius

285 2724 444 2787 insolentis
458 2722 628 2808 elegantiae
642 2722 866 2797 affectationem
882 2744 946 2786 non
961 2743 1078 2806 semper
1092 2723 1280 2806 sequendam
1294 2724 1374 2788 milri

283 2822 376 2903 duri,
399 2822 484 2908 quod
506 2822 655 2910 quicquid
678 2822 743 2886 eius
772 2823 891 2908 generis
923 2833 989 2902 est,
1021 2844 1084 2886 uon
1114 2823 1208 2908 ipsius
1237 2828 1374 2891 auctoris

283 2924 433 3008 scriptum
451 2924 506 2987 sed
527 2924 748 3009 paraphrastne
760 2934 793 2986 ct
813 2922 924 2987 aemuli
937 2921 1066 2988 alicuius
1086 2936 1292 2988 assumentum
1307 2946 1373 2991 aare

282 3022 419 3085 ridetur.
438 3023 556 3087 contuli
577 3025 662 3087 enim
680 3024 730 3088 hic
742 3046 868 3109 quoque
888 3025 963 3087 duos
985 3024 1107 3088 codices
1126 3045 1198 3086 curn
1218 3045 1256 3086 eo
1278 3045 1372 3108 quern

283 3120 459 3206 amplitudo
479 3131 533 3186 tua
555 3123 645 3209 Cpoli
671 3124 712 3187 ab
731 3125 906 3187 Alexandro
938 3123 1184 3209 Chartophylace
1210 3143 1373 3207 compara.

283 3224 348 3297 vit3
371 3233 462 3306 utque
483 3244 610 3307 operam
631 3223 722 3298 dedi,
744 3234 780 3286 ut
801 3245 836 3286 ex
857 3246 893 3287 ea
911 3222 1073 3287 collatione
1094 3244 1172 3307 opus
1197 3221 1256 3286 hoo
1277 3246 1374 3308 quam

283 3316 516 3407 integerrimum
535 3323 687 3402 ederetur,
709 3333 739 3386 et
749 3323 864 3385 Graeca
884 3323 990 3386 itidem
1011 3325 1098 3386 utin
1119 3324 1241 3386 Zonara
1264 3335 1373 3387 nostro

283 3423 396 3486 facturn
415 3434 461 3487 est
481 3443 551 3486 cum
566 3424 684 3487 Latinis
704 3423 976 3509 coniungerentur.
1000 3426 1141 3508 quamvis
1164 3424 1244 3487 enim
1259 3423 1372 3488 Graeci

282 3523 432 3587 sermonis
449 3525 567 3609 puritas
588 3536 619 3587 et
634 3525 802 3610 proprietas
819 3545 890 3587 cum
912 3516 1084 3587 exterarum
1101 3523 1263 3587 nationum
1283 3544 1371 3586 corn-

283 3622 407 3684 merciis
435 3633 502 3685 tum
529 3627 699 3687 otiosorum
727 3622 886 3688 hominurn
914 3624 1037 3707 ineptiis
1055 3635 1205 3708 corrupta
1225 3633 1290 3701 est,
1311 3643 1371 3687 nec

281 3721 351 3784 lieri
374 3724 479 3804 nequit
508 3726 540 3785 in
562 3723 623 3788 hoo
650 3726 831 3809 scriptorum
852 3736 1018 3811 generent
1038 3725 1216 3809 interpretis
1236 3743 1299 3785 non
1320 3722 1370 3785 in·

282 3819 363 3883 docti
388 3843 444 3884 neo
465 3822 601 3888 indiserti
620 3828 722 3888 oratio
741 3826 799 3909 ipsi
818 3828 937 3889 auctori
958 3826 1165 3912 praeferatur,
1186 3836 1288 3887 nmen
1310 3844 1371 3888 noo

281 3941 354 3983 eum
373 3940 429 4006 ego
457 3942 508 3984 me
538 3923 738 4011 interpretem
763 3927 901 4011 profiteri
919 3929 1033 4006 ausim,
1062 3937 1094 3991 et
1113 3927 1231 3989 Graeca
1250 3921 1368 4008 lingua,

281 4020 501 4106 qualiscunque
521 4023 640 4109 adhue,
671 4026 774 4090 neseio
798 4048 890 4112 quem
911 4025 1034 4111 genium
1053 4026 1166 4091 retinet
1184 4023 1370 4088 rouberto·

280 4130 344 4181 tem
366 4121 485 4185 Latinis
515 4124 736 4191 inimitabilem.
761 4129 934 4192 testimonio
963 4137 1035 4191 suut
1055 4146 1163 4190 omncs
1190 4124 1258 4189 fere
1276 4122 1370 4189 dirci-

280 4220 393 4304 plinae,
414 4243 544 4308 quarum
564 4225 615 4290 vix
636 4227 699 4292 ulla
720 4237 767 4293 eat
788 4228 865 4315 quin
885 4241 917 4293 et
936 4250 955 4294 e
974 4224 1078 4293 schola
1102 4227 1221 4291 Graeca
1240 4248 1272 4290 se
1291 4243 1367 4309 pro·
