3020 4844
287 441 310 531 2
392 497 395 502 -
702 467 886 535 sutton

248 621 385 690 Asuerigi,
414 619 550 676 Friderici
589 621 776 677 catanens
801 620 877 694 filli,
919 618 958 673 ad
985 621 1104 674 Graecas
1138 621 1241 694 legatio
1275 624 1326 694 (7).

250 693 339 745 elesii
356 694 516 761 responsio,
535 702 562 745 et
582 693 732 746 ostentatio
749 691 784 745 al
805 691 967 744 Alemannis
984 687 1083 744 derisa.
1102 691 1239 761 ingentem
1256 694 1323 746 auri

249 766 305 815 ssim
323 762 439 831 singulis
462 764 545 816 annis
558 763 682 830 persolvi
704 762 760 815 sili
782 762 850 830 petit
867 762 1024 830 Amerigusp
1051 757 1115 812 inde
1140 763 1214 815 inter
1233 763 1319 817 crae-

248 852 292 885 cus
311 829 574 914 tributumeaactum
591 844 632 885 est
649 829 724 906 quod
740 828 945 887 Akmannicum
961 828 1125 884 dicebaturs
1142 832 1255 886 Alexius
1273 849 1326 886 au·

250 916 301 959 “m
318 901 447 1024 mida
457 901 568 1025 3222:
585 902 707 1024 &uitat
724 970 850 1027 Amarito
875 979 1000 1030 mortuo,
1022 969 1152 1043 illiusque
1168 970 1200 1020 in
1216 970 1325 1024 Siculos

249 1038 435 1094 crudelitatem
457 1052 616 1109 exaggerat.
653 1039 792 1108 Caplsures
811 1041 962 1092 Ganuensis
977 1040 1073 1107 pirata
1088 1059 1107 1092 a
1124 1038 1245 1093 Iolsanne
1263 1041 1324 1092 Sti·

248 1113 326 1164 sione
352 1111 517 1181 opprimitur
547 1112 596 1178 (ι).
640 1108 749 1163 Turbae
773 1111 804 1161 in
827 1108 896 1162 aula
920 1107 1011 1160 Alexii
1035 1110 1227 1176 imperatoris,
1248 1113 1325 1162 cuius

249 1183 360 1250 cognati
377 1182 470 1232 omnia
489 1177 619 1232 residunt.
656 1178 837 1248 Euphrosyne
859 1178 1021 1247 imperatris
1041 1178 1248 1230 Constantinum
1267 1183 1327 1233 lle·

248 1251 477 1320 sopnnamitanum
496 1247 607 1302 evenit.-
624 1245 686 1301 ideo
703 1266 722 1299 a
734 1247 831 1319 fratre
849 1259 993 1317 regenero
1013 1244 1147 1302 adulterii
1165 1263 1326 1316 accusature

246 1319 319 1374 unde
335 1321 458 1373 Batatais
475 1318 579 1371 nobilis
589 1317 770 1371 adolescentis
785 1314 944 1387 proditoria
960 1314 1059 1369 caedes
1075 1328 1102 1371 et
1116 1316 1326 1436 Aleaiistcm

225 1389 390 1447 ,indienunt
407 1390 455 1457 le).
489 1388 583 1442 Alexii
599 1391 683 1440 irrita
710 1399 809 1440 contra
826 1385 942 1440 Blachos
960 1384 1107 1456 expeditio.
1144 1386 1207 1456 Eup
1225 1404 1326 1454 rosyne

248 1462 279 1512 in
298 1460 491 1511 osonasterium
516 1456 707 1519 abstruditur,
741 1453 789 1509 scd
814 1452 969 1508 delatorum
994 1473 1078 1526 opera
1105 1466 1255 1509 revocatur
1279 1456 1327 1525 (3).

250 1529 428 1581 Constantini
449 1527 692 1596 Mesopotamituni
716 1526 794 1578 sacri
805 1527 874 1579 sculi
890 1536 917 1579 et
934 1528 1117 1579 versutissimi
1135 1525 1224 1578 aulici
1240 1526 1328 1579 mirac

249 1610 323 1651 ortes
352 1596 554 1651 describuntur.
580 1598 612 1650 iss
628 1599 714 1649 altum
733 1597 782 1649 sub
813 1608 857 1648 tus
877 1611 943 1648 casu
960 1598 1092 1665 graviore
1111 1597 1168 1647 ruit
1185 1596 1233 1664 (4).
1271 1596 1325 1648 Te·

249 1669 359 1719 meritas
385 1667 477 1720 Aleaii
505 1670 537 1720 in
560 1667 700 1723 iconiensi
722 1668 834 1719 sultano
866 1663 1041 1721 concitando.
1067 1667 1196 1718 sullanus
1223 1663 1325 1734 oppida

249 1737 383 1811 quaedam
401 1755 434 1790 cx
452 1739 601 1806 improviso
619 1738 702 1804 capit.
743 1735 894 1788 Antiochia
914 1734 1048 1804 Phrygiae
1066 1737 1183 1788 maximo
1197 1736 1325 1804 pericula

249 1809 317 1860 mire
333 1809 476 1859 liberatur.
501 1809 609 1861 sultani
636 1810 667 1859 in
690 1807 815 1874 captivas
838 1805 1004 1858 humanitas.
1047 1806 1138 1859 dleeii
1158 1804 1259 1874 sutiles
1287 1803 1328 1858 ad

249 1878 347 1931 tultum
363 1888 515 1949 apparatus
533 1877 580 1944 (5).
615 1876 727 1929 Alterius
745 1876 899 1928 inconsulte
916 1878 947 1926 in
964 1890 992 1926 se
1013 1876 1099 1945 ipsum
1124 1876 1222 1926 saevit.
1241 1874 1323 1941 impe·

250 1948 367 1999 rats-icis
390 1945 606 1999 deliberationes
628 1943 662 1999 ds
690 1945 800 2027 imperii
823 1960 986 2027 successore.
1027 1943 1198 1998 Miserrimus
1217 1942 1329 2015 imperii

250 2014 579 2137 'laludisfilgmdhl‘i'aliin
592 2013 988 2150 idntqr’slsnilclirywissedusstlitzddisi
1006 2081 1106 2137 bellica
1125 2079 1280 2152 expeditio.
1299 2097 1326 2138 ct

248 2155 335 2207 irrita
366 2154 479 2208 Prosaci
506 2152 681 2206 munitissimi
707 2152 817 2205 castelli
839 2155 1016 2223 oppugnatio.
1063 2151 1182 2219 Chrysus
1198 2170 1233 2207 ea
1250 2152 1328 2207 lsostc

243 2224 284 2292 fit
305 2226 396 2277 Aleaii
412 2224 509 2295 affinis
524 2223 571 2291 (ι).
606 2221 767 2290 Scytharum
783 2224 906 2277 incursio
933 2224 964 2275 in
990 2219 1192 2276 Macedoniam.
1211 2225 1326 2294 nuptiae

248 2293 374 2364 filiarum
391 2291 490 2349 Alexii.
528 2292 625 2345 ilanci
642 2290 777 2360 deflictio,
796 2305 823 2346 et
841 2296 871 2346 in
889 2310 948 2346 eum
966 2290 1103 2363 expeditio
1115 2331 1126 2353 ,
1141 2304 1327 2362 protostrato-

251 2365 279 2415 ri
297 2366 425 2418 Manueli
450 2364 560 2430 Camyai
583 2361 707 2429 infausta
724 2363 771 2433 lu).
817 2363 1029 2417 Controversia
1056 2362 1130 2414 inter
1156 2359 1276 2415 Graecos
1292 2359 1328 2417 de

248 2434 433 2497 eucharistia,
456 2445 482 2487 ct
511 2422 697 2503 decalogorum
720 2432 820 2486 variae
846 2433 998 2486 sentcntiae
1013 2430 1062 2499 (3).
1097 2428 1329 2484 llancus'dlerii

247 2506 373 2571 periurio
399 2503 526 2572 deceptus
551 2505 670 2572 capitur.
711 2501 891 2572 Euphrosyne
917 2499 1079 2568 imperatris
1106 2515 1233 2571 oppresso
1252 2501 1328 2554 Gon-

250 2573 409 2644 tnsteplsano
437 2590 480 2626 res
489 2572 607 2644 fleturus
640 2570 742 2642 rqfisna
765 2571 927 2624 curiositate
945 2570 1104 2637 investigat·
1142 2568 1327 2624 Caiclsosrcen

251 2644 389 2695 sultanum
417 2644 587 2696 llucratinus
603 2591 699 2710 fictor
715 2642 812 2693 leonio
839 2640 919 2710 pellit
939 2639 985 2707 (4).
1024 2639 1174 2693 Comania
1190 2640 1281 2694 Iiossis
1299 2652 1327 2693 ct

253 2713 358 2778 Calysa
373 2712 500 2784 principe
525 2709 683 2763 ctrtsstano
702 2711 828 2778 repressi.
867 2707 1020 2761 Calamodii
1031 2706 1126 2762 divitis
1144 2709 1328 2779 negotiatoris

251 2779 399 2835 comoedia.
430 2778 575 2833 ‘Iolsannis
591 2778 661 2848 lagi
672 2778 819 2849 tragoedia
839 2778 886 2848 (5).
922 2779 1056 2832 loisannis
1076 2778 1219 2832 Comnenii
1233 2779 1327 2833 Crassi

252 2850 351 2904 seditio
397 2850 485 2905 dlexii
500 2847 632 2918 spoliatio
650 2850 764 2902 navium
778 2863 806 2902 et
818 2846 940 2919 perfidia
953 2851 983 2900 in
999 2849 1186 2902 liutratiuum.
1203 2848 1327 2902 Miclsae·

253 2919 290 2971 lis
309 2919 432 2986 defectio.
460 2918 612 2989 periculum
638 2919 730 2970 Aleaii
754 2940 771 2971 a
791 2922 941 2988 naufragio
966 2930 994 2972 et
1008 2919 1093 2970 ruina
1112 2919 1160 2986 (6).
1198 2915 1327 2971 Eudocia

253 2992 345 3043 Atesis·
353 2989 424 3063 filiu
453 3009 471 3041 n
499 2985 636 3057 Stephano
664 2988 789 3041 Triballo
809 2987 965 3057 repudiata·
1001 2988 1074 3055 Mysi
1091 2988 1281 3040 Constantiam
1299 2999 1344 3040 ct.

254 3061 375 3113 Varrsam
403 3070 569 3130 expugnant.
595 3069 783 3126 protostrator
799 3057 838 3112 ad
855 3060 983 3121 Clsrysum
1000 3055 1101 3130 deficit.
1121 3056 1328 3127 Spyridonacce

251 3128 375 3194 detectio.
411 3131 523 3184 Aleaius
540 3125 648 3181 tandem
672 3127 815 3181 seditiosos
835 3141 942 3181 coercet
955 3128 1001 3210 (7).
1036 3124 1081 3178 Ad
1096 3124 1186 3179 cladis
1204 3127 1328 3194 Brytan·

253 3198 546 3269 ntus·dessrtpttonem
563 3195 696 3250 accedens
714 3199 826 3252 Nicetas
845 3199 937 3250 Alexii
954 3194 1164 3265 imprudentiam
1180 3198 1323 3266 proponit,

253 3269 304 3338 qui
323 3266 356 3320 de
374 3268 483 3321 tmeto
500 3264 596 3336 fratre
621 3282 733 3318 securus
755 3280 801 3320 est.
846 3267 1054 3319 Commeniorum
1064 3264 1190 3336 fratrum
1214 3268 1329 3336 rapaci·

253 3349 298 3389 tos
318 3349 344 3389 et
365 3336 536 3405 projissiancs
560 3333 608 3415 (8).
654 3335 749 3388 Veneti
765 3337 857 3387 multis
875 3335 990 3386 iniuriis
1006 3334 1041 3385 at
1057 3336 1153 3388 Alexio
1170 3349 1195 3388 ct
1214 3336 1328 3387 Camne·

255 3407 310 3458 niis
327 3406 472 3478 fratribus
498 3401 610 3471 affecte,
634 3405 752 3457 Henrici
774 3403 900 3456 Donduli
926 3402 1004 3457 ducis
1032 3407 1075 3456 sui
1091 3408 1208 3459 consilio
1229 3405 1328 3457 bellum

255 3488 353 3530 contra
371 3474 538 3540 Bysantinos
551 3484 661 3540 parant.
702 3474 816 3527 Aleaius
835 3475 955 3541 Angelus
980 3474 1086 3526 lsaacii
1093 3475 1177 3546 filius
1199 3489 1258 3527 cum
1278 3472 1328 3526 Ve-

256 3558 319 3597 neta
346 3545 433 3600 classe
458 3561 486 3596 se
510 3542 661 3611 coniungit.
689 3542 839 3596 imaerator
870 3545 981 3594 classem
1007 3543 1130 3598 ltostiiens
1161 3541 1327 3600 contemnit,

255 3631 326 3684 quae
339 3617 369 3666 in
388 3614 532 3667 Graeciam
547 3609 670 3663 velarint
688 3596 736 3675 (of.
770 3613 900 3678 Byaantii
914 3610 1029 3665 obsidio.
1044 3615 1221 3668 velitationes
1239 3612 1328 3663 Grae·

257 3699 349 3736 eorum
367 3696 393 3734 et
409 3683 577 3735 latinorum.
603 3679 759 3734 incendium
776 3684 913 3749 Byzantii.
954 3684 1066 3736 Alexius
1079 3683 1188 3749 frustra
1215 3678 1330 3735 tentatis

255 3754 341 3806 armis
360 3753 498 3807 Debeltum
513 3749 651 3822 profugit,
670 3752 785 3822 imperio
801 3751 1082 3821 spoliatuscsiusdem
1102 3755 1192 3825 elogia
1210 3749 1277 3820 (¹⁰)-

419 3902 482 3968 DE
515 3902 712 3965 tsnncto
742 3904 941 3969 ANGELO
964 3904 1165 3968 ITERUM

620 4018 970 4083 IMPERATORE.

321 4150 419 4203 Alexio
432 4149 536 4220 fugata
562 4151 688 4204 isaacius
709 4166 870 4208 excaecatus
890 4155 986 4208 itensm
1003 4153 1155 4220 insperatos·
1172 4147 1328 4211 salutatur,

259 4222 308 4272 nui
316 4221 421 4290 fratris
429 4220 531 4291 sugant
549 4222 647 4273 Aleaio
666 4219 733 4291 filio
751 4234 777 4272 et
794 4223 890 4276 latini
913 4223 1051 4275 exercitus
1068 4219 1181 4274 ducibus
1197 4218 1330 4271 denunti-

282 4302 296 4339 t
330 4290 440 4344 latinis
454 4305 537 4342 sacra
556 4303 581 4341 et
596 4291 717 4374 profana
735 4293 784 4341 vix
804 4292 948 4361 sufficiunt
964 4292 1012 4361 (ι).
1048 4292 1209 4359 Synagogae
1228 4289 1330 4340 Sarra·

286 4377 384 4429 *norum
401 4358 520 4430 direptio
536 4373 620 4414 causa
639 4376 766 4414 incensae
791 4362 872 4418 urbis.
891 4361 972 4414 liuius
991 4357 1115 4414 incendii
1133 4357 1330 4416 luctuosissimi
