3020 4844
464 507 668 575 ronssnss
698 508 928 576 consensis.
1167 488 1219 574 61

140 662 254 742 ηκσθαι
278 651 462 739 ἅνθρωποι,
485 656 540 722 τὸν
563 654 723 741 Menoetii
744 659 777 732 ές
798 662 932 739 βασιλέα
953 660 1029 725 arceri
1054 659 1126 729 τόδε
1148 678 1257 750 προ-Ι)

141 762 283 840 κέκρικα.
337 761 471 835 δέξασθε
498 760 604 822 τοίνον
630 754 686 822 τὸν
718 755 855 839 μείρακα
882 760 938 823 καί
971 760 1014 836 ὥς
1038 761 1226 847 θεύχριστον

141 850 280 937 ἄνακτα,
299 859 354 920 καί
381 854 425 930 ὥς
447 856 488 917 ds'
515 856 733 940 έπιιμηφίσεως
760 857 840 938 ἐμῆς
857 856 1077 936 βασιλεύοντα.
1119 857 1168 927 ὅτι
1191 865 1228 929 di

143 955 200 1019 καί
218 953 295 1030 θεός
316 951 414 1017 αύτύν
429 954 474 1030 είς
493 956 626 1035 βασιλέα
646 952 827 1035 προκέκρικε
847 955 903 1016 καί
920 954 1098 1040 προύρισε,
1117 960 1229 1044 τεκμη-

118 1064 213 1135 5ριον
235 1052 270 1115 αλ
289 1054 405 1115 πολλαί
422 1050 613 1135 προρρήσεις
631 1047 686 1113 καί
697 1046 735 1113 τύ
753 1053 815 1114 τῶν
835 1054 995 1135 θεοφιλῶν
1010 1052 1136 1137 α’νιλριύν
1149 1080 1229 1141 προ·

143 1155 366 1232 θεσπίσματα,
390 1148 412 1213 ἃ
436 1149 538 1213 πάντα
558 1151 691 1230 βασιλέα
707 1147 874 1228 Ῥωμαίων
893 1147 948 1212 τὸν
969 1149 1128 1237 ίλίανοοηλ
1149 1177 1229 1239 προ-

142 1247 360 1333 κατηγγελλον.
379 1247 415 1312 τὸ
441 1250 476 1313 δέ
500 1249 555 1311 καί
572 1243 648 1322 τούς
669 1251 742 1328 παρ’
767 1250 847 1326 ἐμοῦ
865 1253 1093 1333 προκριθέντας
1117 1249 1230 1334 πρότε-

143 1373 200 1433 ρον
229 1353 277 1425 εἰς
296 1346 331 1413 τύ
353 1340 466 1432 ἄρχειν
485 1347 574 1423 οίέας
592 1368 649 1427 μοι
680 1350 881 1431 τεθνηκέναι,
902 1347 1027 1412 α’πεῖναι
1048 1351 1083 1415 δὲ
1103 1349 1157 1415 καί
1175 1349 1230 1416 sto

143 1445 224 1512 κατύ
255 1452 379 1530 γένεσιν
411 1450 481 1527 μετ’
513 1447 649 1520 ἐκείνους
683 1445 729 1531 είς
755 1443 812 1528 τὴν
845 1451 1009 1527 βασιλείαν
1036 1448 1228 1529 καλούμενον

102 1542 319 1622 ω’ίσαύκιον,
341 1547 406 1609 πού
425 1544 517 1627 θήσει
537 1568 602 1626 τις;
631 1538 653 1626 ἢ
672 1542 797 1617 πύντως
818 1542 874 1608 καί
894 1548 993 1610 ταύτα
1014 1543 1160 1628 σύμβολα
1183 1547 1228 1613 εἴ·

144 1668 260 1726 ποιμεν
279 1638 321 1708 ἂν
340 1644 553 1728 ἐναργέστατα
584 1644 641 1706 τοῦ
659 1639 811 1706 τὸνθεόν
831 1634 894 1724 ούχ
913 1645 1018 1725 ἕτερον
1037 1644 1224 1728 βούλεσθαι,

143 1744 200 1809 τὸν
221 1746 259 1809 δὲ
280 1739 442 1826 Merserit
470 1739 510 1806 cd
541 1744 683 1824 σκῆπτρα
711 1739 873 1819 Ῥωμαίων
891 1744 1102 1827 χαρίζεσθαι.
1143 1747 1175 1811 εί
1192 1749 1302 1812 stem

144 1866 194 1918 τις
229 1844 337 1907 ἐθέλει
366 1848 510 1921 σκοπεῖν,
546 1840 614 1903 oo'd'
642 1841 699 1917 ἐμὲ
736 1835 793 1903 τὸν
813 1842 934 1923 πατέρα
956 1836 1107 1923 ἐπόψεται
1127 1847 1230 1933 δῶρον

145 1941 328 2006 παντάπασι
350 1942 394 2027 τῷ
411 1941 503 2003 nardi
520 1938 577 2022 την
594 1933 758 2019 βασιλείαν
776 1937 972 2021 βραβεύοντα
988 1943 1042 2005 καί
1063 1945 1104 2030 τῇ
1123 1946 1230 2009 deodo-

107 2056 139 2115 ,5
147 2045 190 2127 γῇ
213 2042 400 2121 τοῦγένους
420 2036 455 2102 τύ
481 2032 554 2103 ὅλον
569 2038 793 2121 προτρέποντα,
816 2036 897 2100 esst
918 2043 974 2103 καί
993 2031 1094 2106 ἆθλον
1117 2043 1232 2129 α’ρετῆς

146 2139 202 2223 την
222 2139 422 2220 προχείρισιν
442 2136 526 2223 αύτῷ
547 2132 773 2220 παρεχόμενον.
815 2132 884 2203 ἴστε
906 2137 989 2222 γάρ,
1007 2136 1076 2205 ἴστε
1096 2137 1154 2207 ὅσα
1174 2144 1230 2209 καί

147 2241 223 2320 παρ’
236 2234 362 2319 ἡλικίαν
375 2235 410 2298 ἐν
424 2237 655 2319 Νεοκαισαρείη
667 2235 841 2317 η’ρίστεοσε,
857 2235 912 2299 καί
925 2234 980 2320 την
999 2237 1076 2303 κατὰ
1090 2245 1228 2325 Περσῶν

148 2337 268 2418 ἐκείνην
289 2334 434 2415 γενναίαν
449 2326 595 2412 ἐμβολήν,
613 2333 654 2392 ds'
669 2329 707 2412 ἢν
722 2329 739 2391 o‘
754 2331 813 2409 μέν
834 2330 938 2416 πατὴρ
960 2332 1054 2417 ἔγωγε
1075 2338 1227 2419 η’γωνίων,

148 2436 222 2519 περί
239 2434 286 2520 τῷ
306 2430 444 2518 φιλτάτῳ
476 2426 627 2493 scordisci
647 2432 778 2510 μέγιστα
799 2425 930 2511 δεδιώς,
951 2431 989 2494 τύ
1012 2434 1049 2495 δὲ
1063 2432 1228 2515 Ῥωμαίων

108 2527 339 2616 πούνερρούσθη
364 2524 564 2613 πράγματα.”
626 2528 728 2591 ταῦτα
760 2523 777 2587 ὅ
809 2529 870 2607 μὲν
905 2529 1057 2608 βασιλεύς
1085 2530 1228 2616 Ἰωάννης

151 2634 348 2716 ἐφθέγξατο·
392 2629 411 2712 ἦ
445 2630 472 2691 d'
493 2624 639 2710 ἐκκλησία
658 2621 877 2690 έπικωκύσασα
898 2634 962 2701 τοῖς
982 2628 1156 2711 εἰρημένοις
1174 2629 1228 2694 τίν

153 2728 312 2812 Μανονηλ
342 2723 421 2792 sissi
439 2725 599 2811 κληρωτύν
628 2722 688 2791 εἴτε
709 2726 764 2790 καί
782 2725 999 2809 χειροτονητόν
1020 2727 1161 2808 α’σμένως
1184 2731 1229 2806 είς

152 2825 317 2907 βασιλείαν
333 2828 470 2903 ἐδέξατο.
484 2824 592 2890 ἔπειτα
610 2826 666 2890 τὸν
687 2823 778 2908 λύγον
797 2825 876 2910 πρὸς
895 2825 949 2890 τὸν
969 2831 1067 2891 παῖδα
1086 2851 1230 2913 μετενεγ-

154 2925 215 2989 κών
241 2924 259 2987 ὅ
289 2920 418 3006 πατήρ,
452 2923 509 2988 καί
528 2921 628 3011 ταύτην
658 2927 854 3007 παραινέσας
872 2923 911 2990 τὰ
934 2924 1103 3011 σύμφορα,
1127 2931 1258 3018 ταινίηιΒ

108 3020 261 3089 fissura
276 3026 318 3111 τῇ
336 3025 485 3108 βασιλικῇ
511 3020 641 3104 κοίτην
670 3020 820 3103 χλαμύδα
842 3023 985 3089 ε’σενύύει
1008 3026 1062 3109 την
1083 3028 1231 3119 περιπόρ-

222 3211 264 3251 sa.
283 3194 325 3252 sir
340 3191 454 3261 βασιλέα
474 3187 601 3254 ἐδέξαντο
623 3193 650 3243 λ

157 3345 186 3386 ιιι
201 3334 311 3403 ingenio
332 3333 361 3383 in
386 3329 523 3382 subtiliter
548 3328 722 3398 exquirendis
741 3329 909 3380 subditorum
928 3329 1034 3381 delictis
1058 3335 1163 3388 intento
1182 3355 1230 3407 pa·

156 3421 214 3457 me
234 3406 367 3456 malumus
385 3401 521 3462 homines,
539 3400 693 3451 Marmelcm
710 3399 899 3468 imperatorem
917 3401 1061 3454 creandum
1080 3420 1138 3457 esse
1157 3406 1230 3462 duxi.

154 3491 238 3545 qnare
264 3474 466 3526 adolescentem
494 3470 623 3538 suscipito
648 3477 680 3520 ut
698 3472 886 3538 imperatorem
915 3468 1043 3522 dir-initus
1062 3473 1230 3543 designatum

153 3554 260 3597 ermes
291 3545 417 3611 suffragio
438 3541 580 3609 imperium
604 3549 795 3608 capessentem.
820 3555 850 3590 ac
878 3555 939 3589 erun
967 3540 1052 3591 aden
1079 3547 1230 3613 praelatum

152 3625 186 3667 et
202 3615 432 3686 praedestinatum
458 3627 517 3663 esse
534 3610 570 3661 ad
599 3610 757 3678 imperinm,
783 3618 938 3677 argomento
960 3610 1036 3663 robis
1054 3614 1109 3665 sint
1129 3618 1231 3673 multae

176 3687 355 3738 raedictiones
374 3692 403 3736 et
422 3682 574 3735 divinornm
594 3679 732 3732 hominum
750 3680 902 3750 praesagia.
921 3698 991 3749 ‹pme
1009 3684 1098 3734 omnia
1116 3686 1231 3741 Manne-

150 3701 208 3805 fm
232 3759 412 3808 Romanorum
435 3754 624 3822 imperatorem
653 3751 711 3801 sors
740 3752 971 3822 praenuntiarunt.
998 3752 1050 3803 iam
1081 3757 1155 3825 quod
1178 3760 1229 3815 filii

148 3826 209 3876 mi
225 3834 289 3878 ante
314 3824 427 3895 imperio
454 3821 583 3875 destinati
608 3820 750 3883 oblerunt,
776 3829 804 3873 et
832 3821 854 3871 is
876 3821 954 3873 alscst
979 3823 1021 3872 cni
1042 3824 1070 3875 id
1087 3837 1149 3896 post
1166 3830 1231 3886 illos

147 3903 268 3948 naturae
283 3898 343 3963 lege
361 3894 496 3957 debetur,
516 3892 578 3961 quis
596 3892 676 3943 aliter
692 3892 808 3960 accipiat
824 3893 877 3942 nisi
896 3908 926 3941 eo
946 3908 1055 3962 quoque
1074 3912 1229 3963 argumenta

148 3980 213 4015 esse
223 3966 435 4025 evidentissima,
454 3963 533 4015 deum
546 3962 682 4014 nouvelle
694 3963 775 4013 alium
784 3963 835 4014 nisi
844 3963 995 4014 lllamselem
1011 3969 1122 4036 sceptris
1134 3974 1231 4025 ltoma-

146 4050 251 4087 mmm
275 4036 380 4105 potiri?
402 4033 517 4106 quodsi
542 4032 603 4103 quis
621 4032 790 4095 consideret,
809 4050 851 4084 me
869 4048 924 4084 non
942 4035 1051 4087 omnino
1072 4043 1153 4109 gratis
1172 4045 1230 4097 lilio

146 4106 300 4157 mettim
319 4108 461 4176 imperium
473 4112 555 4175 atque
573 4103 602 4153 in
622 4102 679 4153 eius
699 4103 893 4155 successionem
905 4106 1087 4173 propendere,
1108 4112 1156 4165 sed
1175 4116 1231 4167 rir-

144 4184 240 4230 turem
265 4176 325 4227 sios
352 4192 384 4228 ac
408 4175 595 4244 designatione
622 4174 787 4226 remunerari
816 4174 1007 4243 deprehendet
1036 4181 1110 4234 scitis
1143 4185 1230 4250 enim,

144 4245 229 4301 ‚ciris
247 4260 318 4313 quae
338 4245 374 4297 sd
390 4246 594 4299 Neocaesariam
613 4251 720 4313 praeter
737 4252 853 4297 estatem
871 4245 990 4297 facinora
1009 4249 1135 4315 ediderit,
1153 4261 1182 4307 et
1201 4255 1230 4309 in

144 4315 256 4371 illustri
277 4315 325 4366 illa
343 4325 436 4368 contra
448 4304 543 4369 ἐττει
561 4315 745 4384 impressione,
761 4314 797 4366 ob
817 4331 897 4438 rpram
918 4324 950 4370 ut
966 4335 1014 4388 ego
1032 4330 1109 4390 peter
1128 4325 1230 4378 sollici·

143 4399 196 4445 ω
218 4394 247 4441 et
262 4384 292 4439 in
310 4386 428 4440 maximo
447 4386 482 4441 ds
500 4386 635 4441 carissimo
655 4385 714 4439 lilio
732 4393 805 4439 metu
837 4385 884 4450 ul,
903 4387 942 4440 ita
963 4389 1056 4445 eadem
1074 4410 1115 4448 res
1133 4396 1229 4450 Roma-
