3020 4844
261 535 331 596 vlu
574 530 749 593 rinnon
785 528 1017 595 nminem.
1184 477 1213 559 ἓ

260 692 372 751 trustra
398 707 460 750 esse
486 706 538 747 ens
571 689 625 770 qui
654 684 772 747 Gallico
804 685 935 768 imperio
962 685 1038 746 lines
1072 693 1230 766 statuunt,
1261 687 1344 771 quud

258 796 420 857 liullurum
440 795 537 856 virtus
552 795 663 855 invicte
682 814 744 855 non
766 792 877 854 finibus
893 793 983 856 certis
1003 791 1058 855 sed
1077 790 1153 855 urbe
1165 791 1340 859 claudatur.

260 907 290 967 lui
314 901 499 967 Gersnuuise
517 901 671 986 principes
690 900 783 962 ermis
803 897 964 961 Gallorum
983 898 1159 961 victricibus
1179 899 1343 962 exterritos

257 1011 409 1097 quievisse
430 1011 568 1071 neutrive
588 1007 744 1091 purtisese
759 1003 907 1067 addixisse
927 1003 1074 1088 tredeut3
1095 1026 1158 1090 qun
1177 1005 1258 1071 lueto
1281 1008 1343 1071 sibi

258 1118 445 1203 posterisque
463 1115 526 1177 suis
547 1113 721 1177 consultum
748 1112 871 1173 iverunt
893 1120 925 1174 et
944 1111 1152 1176 imminentem
1169 1114 1260 1178 rebus
1279 1116 1343 1178 suis

258 1226 373 1287 exitum
402 1220 597 1307 depulerunt.
627 1220 660 1281 hi
682 1216 788 1281 Gallos
819 1220 913 1303 copiis
941 1216 1033 1304 louge
1060 1221 1190 1305 imperes
1216 1221 1343 1287 elussem

257 1332 397 1395 hostilem
431 1330 579 1393 devicisse
597 1326 836 1412 praedicabunt,
867 1337 899 1390 et
921 1346 972 1389 ens
993 1325 1107 1412 quide
1127 1329 1344 1414 glorierertu·

255 1451 344 1501 turos
364 1456 396 1498 se
415 1436 587 1525 putabunt,
608 1435 711 1497 stetim
732 1433 791 1496 sihi
813 1433 852 1496 de
866 1432 965 1497 salute
985 1431 1165 1498 uertendum
1185 1436 1346 1502 intellexis-

256 1568 289 1609 se
299 1594 310 1625 ,
330 1546 451 1608 temetsi
471 1545 600 1630 superba
622 1547 708 1608 nstin
727 1565 819 1608 naves
836 1543 984 1623 solvisset,
1004 1553 1042 1606 ut
1060 1547 1146 1630 quusi
1164 1566 1216 1631 per
1236 1544 1344 1611 ludum

257 1653 561 1737 iocumqueGullicus
581 1652 774 1736 deprimeret.
815 1650 896 1714 Galli
917 1672 982 1715 uon
1008 1673 1137 1715 numeru
1155 1651 1208 1716 sed
1228 1655 1346 1717 virtute

257 1772 430 1824 censentur.
450 1758 521 1822 hinc
541 1760 654 1822 feroces
673 1759 822 1822 exereitus
842 1779 933 1843 ssepe
955 1758 995 1820 ub
1017 1756 1067 1820 his
1087 1768 1274 1843 expugnatos
1296 1761 1346 1823 vi·

256 1872 347 1944 deas,
382 1868 452 1931 lriue
467 1871 560 1932 etium
589 1878 743 1930 terrestres
767 1866 870 1950 cupies
896 1867 929 1928 iu
950 1885 1035 1948 spem
1054 1865 1204 1929 victurine
1225 1874 1346 1930 erectus

258 1977 300 2038 ub
322 1986 513 2060 superantem
538 1954 770 2036 multitudinem
804 1968 919 2033 deletus
939 1972 1131 2053 attritasque.
1160 1981 1232 2034 eunt
1261 1993 1346 2036 uuue

256 2087 308 2168 qui
330 2095 412 2145 ruso
444 2092 617 2166 temporum
641 2081 796 2142 ministros
821 2077 964 2141 leudibus
986 2079 1018 2139 in
1038 2078 1159 2141 eoelum
1182 2079 1343 2175 extollunt.

256 2192 325 2272 Tu,
357 2190 546 2253 Csrnvusurs
566 2186 829 2263 Eurssurrsssur,
859 2205 929 2247 eum
959 2185 1038 2248 lusce
1066 2207 1221 2248 armornm
1243 2186 1345 2272 plures

259 2302 361 2361 vinces
391 2317 483 2380 quum
503 2294 555 2357 ulii
575 2293 730 2379 explicetis
756 2295 859 2357 ermis.
901 2295 951 2357 Tu
975 2293 1079 2358 vivide
1100 2306 1203 2357 mente
1222 2296 1292 2357 Tun
1313 2307 1345 2359 et

257 2405 354 2491 supaei
382 2400 513 2465 consilio
544 2401 607 2486 regi
642 2402 916 2481 christianissimo,
949 2423 1040 2485 quem
1061 2401 1122 2463 ium
1141 2400 1244 2484 populi
1265 2423 1344 2485 pene

257 2509 531 2584 minuendorum,
565 2510 671 2594 plures
702 2510 876 2594 triumphos
896 2507 1018 2592 parebis
1037 2528 1130 2591 quum
1151 2508 1204 2570 ulii
1223 2508 1255 2571 vi
1276 2531 1343 2571 mu-

258 2642 368 2704 rusque.
388 2639 482 2703 perge
512 2619 603 2681 modu
633 2619 679 2683 rei
700 2618 841 2702 publicae
862 2616 1028 2679 litterariae
1047 2614 1189 2700 prodesse
1207 2626 1238 2679 et
1256 2614 1343 2679 litte·

259 2731 332 2790 sutis
352 2726 527 2789 homiuibus
547 2726 673 2805 iuvere,
695 2728 760 2787 sine
777 2724 888 2808 quibus
912 2725 1050 2788 virorum
1069 2723 1231 2786 illustrium
1251 2724 1342 2803 fecte,

259 2838 359 2899 stutirn
381 2846 472 2918 utque
490 2835 624 2897 animum
645 2834 869 2919 deposuerunt,
897 2833 1105 2911 intercidunt,
1123 2841 1156 2897 et
1178 2853 1249 2894 eum
1268 2838 1366 2896 enr·'

261 2966 336 3030 pure
357 2964 483 3028 mugnue
500 2962 624 3028 quoque
642 2942 760 3006 unimus
779 2942 1021 3029 extinguuntur,
1040 2942 1115 3006 dum
1135 2940 1274 3007 silentur.

456 3082 721 3148 EMlNENTlrlE
740 3081 859 3145 uUlE

715 3667 936 3732 addictissimus

591 3791 743 3846 elnotus
765 3790 915 3844 tumult
936 3788 1123 3844 t’llttttows,
