<?xml version="1.0" encoding="UTF-8"?>
<!DOCTYPE html PUBLIC "-//W3C//DTD XHTML 1.0 Transitional//EN"
    "http://www.w3.org/TR/xhtml1/DTD/xhtml1-transitional.dtd">
<html xmlns="http://www.w3.org/1999/xhtml" xml:lang="en" lang="en">
 <head>
  <title>
</title>
<meta http-equiv="Content-Type" content="text/html;charset=utf-8" />
  <meta name='ocr-system' content='tesseract 3.04.00' />
  <meta name='ocr-capabilities' content='ocr_page ocr_carea ocr_par ocr_line ocrx_word'/>
</head>
<body>
  <div class='ocr_page' id='page_1' title='image "./corpusscriptoru36niebgoog/corpusscriptoru36niebgoog_0909.png"; bbox 0 0 3010 4838; ppageno 0'>
   <div class='ocr_carea' id='block_1_1' title="bbox 399 372 1218 487">
    <p class='ocr_par' dir='ltr' id='par_1_1' title="bbox 399 372 1218 487">
     <span class='ocr_line' id='line_1_1' title="bbox 399 372 1218 487; baseline -0.006 -23"><span class='ocrx_word' id='word_1_1' title='bbox 399 398 441 464; x_wconf 81' lang='lat' dir='ltr'>nt</span> <span class='ocrx_word' id='word_1_2' title='bbox 467 395 647 464; x_wconf 80' lang='lat' dir='ltr'>urearnn</span> <span class='ocrx_word' id='word_1_3' title='bbox 676 395 933 464; x_wconf 79' lang='lat' dir='ltr'>cnontman.</span> <span class='ocrx_word' id='word_1_4' title='bbox 1133 372 1218 487; x_wconf 78' lang='lat'>873</span> 
     </span>
    </p>
   </div>
   <div class='ocr_carea' id='block_1_2' title="bbox 128 548 1321 4364">
    <p class='ocr_par' dir='ltr' id='par_1_2' title="bbox 130 548 1220 1130">
     <span class='ocr_line' id='line_1_2' title="bbox 133 548 1219 635; baseline 0 -21"><span class='ocrx_word' id='word_1_5' title='bbox 133 551 218 614; x_wconf 79' lang='lat' dir='ltr'>lraud</span> <span class='ocrx_word' id='word_1_6' title='bbox 242 549 336 614; x_wconf 86' lang='lat' dir='ltr'>dubia</span> <span class='ocrx_word' id='word_1_7' title='bbox 366 549 559 634; x_wconf 86' lang='lat' dir='ltr'>probabitur.</span> <span class='ocrx_word' id='word_1_8' title='bbox 577 552 602 613; x_wconf 91' lang='lat' dir='ltr'>si</span> <span class='ocrx_word' id='word_1_9' title='bbox 622 552 675 633; x_wconf 85' lang='lat' dir='ltr'>qni</span> <span class='ocrx_word' id='word_1_10' title='bbox 696 561 798 613; x_wconf 88' lang='lat' dir='ltr'>autern</span> <span class='ocrx_word' id='word_1_11' title='bbox 818 548 977 613; x_wconf 72' lang='lat' dir='ltr'><strong>semidocti</strong></span> <span class='ocrx_word' id='word_1_12' title='bbox 999 561 1029 613; x_wconf 88' lang='lat' dir='ltr'>et</span> <span class='ocrx_word' id='word_1_13' title='bbox 1048 550 1219 635; x_wconf 82' lang='lat' dir='ltr'>scrupulosi</span> 
     </span>
     <span class='ocr_line' id='line_1_3' title="bbox 130 632 1220 715; baseline 0.002 -18"><span class='ocrx_word' id='word_1_14' title='bbox 130 635 351 713; x_wconf 80' lang='lat' dir='ltr'>homanciones</span> <span class='ocrx_word' id='word_1_15' title='bbox 388 633 438 695; x_wconf 86' lang='lat' dir='ltr'>vel</span> <span class='ocrx_word' id='word_1_16' title='bbox 470 632 681 715; x_wconf 88' lang='lat' dir='ltr'>negligentiam</span> <span class='ocrx_word' id='word_1_17' title='bbox 719 636 767 696; x_wconf 90' lang='lat' dir='ltr'>vel</span> <span class='ocrx_word' id='word_1_18' title='bbox 802 634 956 695; x_wconf 88' lang='lat' dir='ltr'>licentiam</span> <span class='ocrx_word' id='word_1_19' title='bbox 983 633 1033 694; x_wconf 85' lang='lat' dir='ltr'>vel</span> <span class='ocrx_word' id='word_1_20' title='bbox 1069 636 1220 699; x_wconf 86' lang='lat' dir='ltr'>inscitiam</span> 
     </span>
     <span class='ocr_line' id='line_1_4' title="bbox 134 708 1219 799; baseline 0.002 -21"><span class='ocrx_word' id='word_1_21' title='bbox 134 737 237 779; x_wconf 87' lang='lat' dir='ltr'>meam</span> <span class='ocrx_word' id='word_1_22' title='bbox 257 708 451 794; x_wconf 68' lang='lat' dir='ltr'>accumbant,</span> <span class='ocrx_word' id='word_1_23' title='bbox 474 710 599 790; x_wconf 72' lang='grc' dir='ltr'><strong><em>τούτοις</em></strong></span> <span class='ocrx_word' id='word_1_24' title='bbox 617 710 678 796; x_wconf 72' lang='grc' dir='ltr'>ἐγὼ</span> <span class='ocrx_word' id='word_1_25' title='bbox 690 714 818 794; x_wconf 77' lang='grc' dir='ltr'><strong><em>χαίρειν</em></strong></span> <span class='ocrx_word' id='word_1_26' title='bbox 835 717 890 776; x_wconf 85' lang='grc' dir='ltr'><strong><em>καί</em></strong></span> <span class='ocrx_word' id='word_1_27' title='bbox 908 716 1072 795; x_wconf 73' lang='grc' dir='ltr'>ἐρρῶσθαι</span> <span class='ocrx_word' id='word_1_28' title='bbox 1094 716 1219 799; x_wconf 76' lang='grc' dir='ltr'><strong><em>φράσω.</em></strong></span> 
     </span>
     <span class='ocr_line' id='line_1_5' title="bbox 134 800 1220 882; baseline 0.003 -21"><span class='ocrx_word' id='word_1_29' title='bbox 134 821 234 882; x_wconf 83' lang='lat' dir='ltr'>neque</span> <span class='ocrx_word' id='word_1_30' title='bbox 254 803 333 860; x_wconf 89' lang='lat' dir='ltr'>enim</span> <span class='ocrx_word' id='word_1_31' title='bbox 356 811 439 860; x_wconf 90' lang='lat' dir='ltr'>tanta</span> <span class='ocrx_word' id='word_1_32' title='bbox 458 821 506 861; x_wconf 88' lang='lat' dir='ltr'>res</span> <span class='ocrx_word' id='word_1_33' title='bbox 528 811 583 875; x_wconf 85' lang='lat' dir='ltr'>est,</span> <span class='ocrx_word' id='word_1_34' title='bbox 607 810 669 861; x_wconf 90' lang='lat' dir='ltr'>eta</span> <span class='ocrx_word' id='word_1_35' title='bbox 690 810 798 859; x_wconf 87' lang='lat' dir='ltr'>natura</span> <span class='ocrx_word' id='word_1_36' title='bbox 819 800 974 860; x_wconf 86' lang='lat' dir='ltr'>etstudiis</span> <span class='ocrx_word' id='word_1_37' title='bbox 994 802 1067 861; x_wconf 87' lang='lat' dir='ltr'>meis</span> <span class='ocrx_word' id='word_1_38' title='bbox 1084 800 1220 864; x_wconf 87' lang='lat' dir='ltr'>alienam</span> 
     </span>
     <span class='ocr_line' id='line_1_6' title="bbox 133 879 1218 963; baseline 0.001 -19"><span class='ocrx_word' id='word_1_39' title='bbox 133 892 170 945; x_wconf 87' lang='lat' dir='ltr'>nt</span> <span class='ocrx_word' id='word_1_40' title='bbox 192 903 364 963; x_wconf 79' lang='lat' dir='ltr'>quenquam</span> <span class='ocrx_word' id='word_1_41' title='bbox 388 882 510 963; x_wconf 90' lang='lat' dir='ltr'>cupiam</span> <span class='ocrx_word' id='word_1_42' title='bbox 536 879 656 943; x_wconf 84' lang='grc' dir='ltr'><strong><em>κλαιέιν</em></strong></span> <span class='ocrx_word' id='word_1_43' title='bbox 686 880 742 942; x_wconf 77' lang='grc' dir='ltr'><em>καί</em></span> <span class='ocrx_word' id='word_1_44' title='bbox 761 879 916 957; x_wconf 81' lang='grc' dir='ltr'><strong><em>οἰμώζειν.</em></strong></span> <span class='ocrx_word' id='word_1_45' title='bbox 945 881 1020 943; x_wconf 91' lang='lat' dir='ltr'>illud</span> <span class='ocrx_word' id='word_1_46' title='bbox 1042 883 1172 960; x_wconf 81' lang='lat' dir='ltr'>vellem,</span> <span class='ocrx_word' id='word_1_47' title='bbox 1193 887 1218 945; x_wconf 90' lang='lat' dir='ltr'>si</span> 
     </span>
     <span class='ocr_line' id='line_1_7' title="bbox 132 963 1219 1047; baseline 0.004 -24"><span class='ocrx_word' id='word_1_48' title='bbox 132 966 209 1047; x_wconf 82' lang='lat' dir='ltr'>qrrid</span> <span class='ocrx_word' id='word_1_49' title='bbox 231 965 365 1046; x_wconf 89' lang='lat' dir='ltr'>optando</span> <span class='ocrx_word' id='word_1_50' title='bbox 385 966 606 1047; x_wconf 83' lang='lat' dir='ltr'>proficeretur,</span> <span class='ocrx_word' id='word_1_51' title='bbox 630 964 661 1023; x_wconf 92' lang='lat' dir='ltr'>in</span> <span class='ocrx_word' id='word_1_52' title='bbox 684 965 836 1047; x_wconf 87' lang='lat' dir='ltr'>plerisque</span> <span class='ocrx_word' id='word_1_53' title='bbox 858 963 1022 1026; x_wconf 86' lang='lat' dir='ltr'>lectoribus</span> <span class='ocrx_word' id='word_1_54' title='bbox 1043 978 1097 1027; x_wconf 91' lang='lat' dir='ltr'>aut</span> <span class='ocrx_word' id='word_1_55' title='bbox 1118 969 1219 1028; x_wconf 87' lang='lat' dir='ltr'>minus</span> 
     </span>
     <span class='ocr_line' id='line_1_8' title="bbox 136 1047 1104 1130; baseline 0 -20"><span class='ocrx_word' id='word_1_56' title='bbox 136 1069 204 1110; x_wconf 87' lang='lat' dir='ltr'>esse</span> <span class='ocrx_word' id='word_1_57' title='bbox 226 1051 421 1130; x_wconf 80' lang='lat' dir='ltr'><strong>arrogantiae</strong></span> <span class='ocrx_word' id='word_1_58' title='bbox 443 1062 494 1109; x_wconf 90' lang='lat' dir='ltr'>aut</span> <span class='ocrx_word' id='word_1_59' title='bbox 515 1047 584 1128; x_wconf 88' lang='lat' dir='ltr'>plus</span> <span class='ocrx_word' id='word_1_60' title='bbox 604 1048 783 1108; x_wconf 89' lang='lat' dir='ltr'>eruditionis</span> <span class='ocrx_word' id='word_1_61' title='bbox 804 1059 833 1109; x_wconf 90' lang='lat' dir='ltr'>et</span> <span class='ocrx_word' id='word_1_62' title='bbox 853 1047 1033 1110; x_wconf 76' lang='lat' dir='ltr'>industriae.</span> <span class='ocrx_word' id='word_1_63' title='bbox 1102 1051 1104 1056; x_wconf 83' lang='grc'><strong>’</strong></span> 
     </span>
    </p>

    <p class='ocr_par' dir='ltr' id='par_1_3' title="bbox 133 1123 1220 1356">
     <span class='ocr_line' id='line_1_9' title="bbox 223 1123 1217 1213; baseline -0.001 -20"><span class='ocrx_word' id='word_1_64' title='bbox 223 1133 261 1197; x_wconf 87' lang='lat' dir='ltr'>P.</span> <span class='ocrx_word' id='word_1_65' title='bbox 284 1130 315 1209; x_wconf 88' lang='lat'>5,</span> <span class='ocrx_word' id='word_1_66' title='bbox 336 1152 365 1213; x_wconf 49' lang='lat' dir='ltr'>9st</span> <span class='ocrx_word' id='word_1_67' title='bbox 404 1126 622 1207; x_wconf 76' lang='grc' dir='ltr'><strong><em>ἀνεχριμψατο</em></strong></span> <span class='ocrx_word' id='word_1_68' title='bbox 643 1125 699 1210; x_wconf 67' lang='grc' dir='ltr'>τὴν</span> <span class='ocrx_word' id='word_1_69' title='bbox 718 1123 840 1213; x_wconf 78' lang='grc' dir='ltr'><strong><em>ψυχήν]</em></strong></span> <span class='ocrx_word' id='word_1_70' title='bbox 876 1133 1036 1192; x_wconf 74' lang='lat' dir='ltr'>excressit</span> <span class='ocrx_word' id='word_1_71' title='bbox 1061 1133 1217 1209; x_wconf 75' lang='lat' dir='ltr'>animam,-</span> 
     </span>
     <span class='ocr_line' id='line_1_10' title="bbox 133 1210 1220 1297; baseline 0.003 -24"><span class='ocrx_word' id='word_1_72' title='bbox 133 1222 170 1273; x_wconf 90' lang='lat' dir='ltr'>nt</span> <span class='ocrx_word' id='word_1_73' title='bbox 191 1214 325 1275; x_wconf 81' lang='lat' dir='ltr'>Zonaras</span> <span class='ocrx_word' id='word_1_74' title='bbox 355 1232 446 1295; x_wconf 89' lang='lat' dir='ltr'>saepe</span> <span class='ocrx_word' id='word_1_75' title='bbox 474 1210 662 1294; x_wconf 80' lang='grc' dir='ltr'><strong><em>ε”ξρρεύξοιο</em></strong></span> <span class='ocrx_word' id='word_1_76' title='bbox 695 1216 861 1290; x_wconf 69' lang='lat' dir='ltr'>emarcuerit,</span> <span class='ocrx_word' id='word_1_77' title='bbox 897 1214 951 1275; x_wconf 89' lang='lat' dir='ltr'>sed</span> <span class='ocrx_word' id='word_1_78' title='bbox 978 1215 1016 1276; x_wconf 88' lang='lat' dir='ltr'>de</span> <span class='ocrx_word' id='word_1_79' title='bbox 1036 1215 1138 1297; x_wconf 82' lang='lat' dir='ltr'>impiis</span> <span class='ocrx_word' id='word_1_80' title='bbox 1158 1217 1220 1276; x_wconf 81' lang='lat' dir='ltr'>lere</span> 
     </span>
     <span class='ocr_line' id='line_1_11' title="bbox 135 1306 270 1356; baseline 0.007 -1"><span class='ocrx_word' id='word_1_81' title='bbox 135 1306 270 1356; x_wconf 82' lang='lat' dir='ltr'>tantum.</span> 
     </span>
    </p>

    <p class='ocr_par' dir='ltr' id='par_1_4' title="bbox 134 1373 1221 1620">
     <span class='ocr_line' id='line_1_12' title="bbox 220 1373 1221 1461; baseline -0.002 -21"><span class='ocrx_word' id='word_1_82' title='bbox 220 1378 260 1440; x_wconf 90' lang='lat' dir='ltr'>P.</span> <span class='ocrx_word' id='word_1_83' title='bbox 279 1379 309 1456; x_wconf 83' lang='lat'>5,</span> <span class='ocrx_word' id='word_1_84' title='bbox 334 1399 383 1441; x_wconf 84' lang='grc' dir='ltr'>ιι.</span> <span class='ocrx_word' id='word_1_85' title='bbox 421 1373 622 1461; x_wconf 83' lang='grc' dir='ltr'><strong><em>τρικόροονοι]</em></strong></span> <span class='ocrx_word' id='word_1_86' title='bbox 651 1379 705 1460; x_wconf 82' lang='lat' dir='ltr'>qui</span> <span class='ocrx_word' id='word_1_87' title='bbox 727 1379 820 1438; x_wconf 86' lang='lat' dir='ltr'>trium</span> <span class='ocrx_word' id='word_1_88' title='bbox 842 1380 999 1440; x_wconf 84' lang='lat' dir='ltr'>cornicum</span> <span class='ocrx_word' id='word_1_89' title='bbox 1020 1389 1150 1441; x_wconf 82' lang='lat' dir='ltr'>aetatem</span> <span class='ocrx_word' id='word_1_90' title='bbox 1173 1379 1221 1439; x_wconf 83' lang='lat' dir='ltr'>vi-</span> 
     </span>
     <span class='ocr_line' id='line_1_13' title="bbox 134 1458 1216 1543; baseline 0 -21"><span class='ocrx_word' id='word_1_91' title='bbox 134 1470 264 1539; x_wconf 82' lang='lat' dir='ltr'>xerunt,</span> <span class='ocrx_word' id='word_1_92' title='bbox 286 1464 307 1522; x_wconf 92' lang='lat' dir='ltr'>i.</span> <span class='ocrx_word' id='word_1_93' title='bbox 328 1486 355 1524; x_wconf 90' lang='lat' dir='ltr'>e.</span> <span class='ocrx_word' id='word_1_94' title='bbox 371 1463 432 1523; x_wconf 71' lang='lat' dir='ltr'>boo</span> <span class='ocrx_word' id='word_1_95' title='bbox 451 1482 556 1522; x_wconf 88' lang='lat' dir='ltr'>annos.</span> <span class='ocrx_word' id='word_1_96' title='bbox 579 1472 686 1521; x_wconf 89' lang='lat' dir='ltr'>notam</span> <span class='ocrx_word' id='word_1_97' title='bbox 707 1470 751 1520; x_wconf 88' lang='lat' dir='ltr'>est</span> <span class='ocrx_word' id='word_1_98' title='bbox 773 1458 848 1541; x_wconf 88' lang='lat' dir='ltr'>quid</span> <span class='ocrx_word' id='word_1_99' title='bbox 869 1462 1016 1543; x_wconf 76' lang='lat' dir='ltr'>Virgilius</span> <span class='ocrx_word' id='word_1_100' title='bbox 1040 1484 1074 1523; x_wconf 83' lang='lat' dir='ltr'>ex</span> <span class='ocrx_word' id='word_1_101' title='bbox 1091 1461 1216 1523; x_wconf 79' lang='lat' dir='ltr'>Hesiodi</span> 
     </span>
     <span class='ocr_line' id='line_1_14' title="bbox 136 1543 1079 1620; baseline 0.001 -14"><span class='ocrx_word' id='word_1_102' title='bbox 136 1545 326 1607; x_wconf 89' lang='lat' dir='ltr'>auctoritate</span> <span class='ocrx_word' id='word_1_103' title='bbox 348 1544 387 1606; x_wconf 91' lang='lat' dir='ltr'>do</span> <span class='ocrx_word' id='word_1_104' title='bbox 407 1547 538 1605; x_wconf 87' lang='lat' dir='ltr'>cornicis</span> <span class='ocrx_word' id='word_1_105' title='bbox 559 1563 635 1604; x_wconf 89' lang='lat' dir='ltr'>aevo</span> <span class='ocrx_word' id='word_1_106' title='bbox 657 1543 831 1620; x_wconf 75' lang='lat' dir='ltr'>fabuletur,</span> <span class='ocrx_word' id='word_1_107' title='bbox 852 1543 900 1606; x_wconf 80' lang='lat' dir='ltr'>liis</span> <span class='ocrx_word' id='word_1_108' title='bbox 921 1547 1079 1607; x_wconf 81' lang='lat' dir='ltr'>versibus:</span> 
     </span>
    </p>

    <p class='ocr_par' dir='ltr' id='par_1_5' title="bbox 303 1628 1118 1873">
     <span class='ocr_line' id='line_1_15' title="bbox 304 1628 1118 1711; baseline -0.002 -21"><span class='ocrx_word' id='word_1_109' title='bbox 304 1641 354 1690; x_wconf 86' lang='lat' dir='ltr'>ter</span> <span class='ocrx_word' id='word_1_110' title='bbox 369 1630 454 1688; x_wconf 84' lang='lat' dir='ltr'>binos</span> <span class='ocrx_word' id='word_1_111' title='bbox 474 1628 632 1711; x_wconf 81' lang='lat' dir='ltr'>deciesque</span> <span class='ocrx_word' id='word_1_112' title='bbox 652 1647 759 1688; x_wconf 83' lang='lat' dir='ltr'>nouem</span> <span class='ocrx_word' id='word_1_113' title='bbox 776 1631 931 1710; x_wconf 76' lang='lat' dir='ltr'>strperexr’t</span> <span class='ocrx_word' id='word_1_114' title='bbox 949 1631 981 1690; x_wconf 84' lang='lat' dir='ltr'>in</span> <span class='ocrx_word' id='word_1_115' title='bbox 1000 1649 1118 1708; x_wconf 85' lang='lat' dir='ltr'>annos,</span> 
     </span>
     <span class='ocr_line' id='line_1_16' title="bbox 303 1711 1080 1792; baseline 0 -22"><span class='ocrx_word' id='word_1_116' title='bbox 303 1713 384 1771; x_wconf 84' lang='lat' dir='ltr'>iusto</span> <span class='ocrx_word' id='word_1_117' title='bbox 403 1721 600 1771; x_wconf 81' lang='lat' dir='ltr'>senescentum</span> <span class='ocrx_word' id='word_1_118' title='bbox 620 1731 695 1792; x_wconf 85' lang='lat' dir='ltr'>quos</span> <span class='ocrx_word' id='word_1_119' title='bbox 714 1711 819 1792; x_wconf 82' lang='lat' dir='ltr'>implet</span> <span class='ocrx_word' id='word_1_120' title='bbox 837 1711 907 1772; x_wconf 82' lang='lat' dir='ltr'>uita</span> <span class='ocrx_word' id='word_1_121' title='bbox 927 1714 1080 1773; x_wconf 79' lang='lat' dir='ltr'>uirorum.-</span> 
     </span>
     <span class='ocr_line' id='line_1_17' title="bbox 307 1790 1067 1873; baseline 0.004 -22"><span class='ocrx_word' id='word_1_122' title='bbox 307 1794 360 1851; x_wconf 80' lang='lat' dir='ltr'>lros</span> <span class='ocrx_word' id='word_1_123' title='bbox 380 1790 484 1853; x_wconf 82' lang='lat' dir='ltr'>novies</span> <span class='ocrx_word' id='word_1_124' title='bbox 502 1804 626 1872; x_wconf 73' lang='lat' dir='ltr'>superat</span> <span class='ocrx_word' id='word_1_125' title='bbox 645 1793 779 1852; x_wconf 82' lang='lat' dir='ltr'>uiuendo</span> <span class='ocrx_word' id='word_1_126' title='bbox 797 1794 926 1873; x_wconf 67' lang='lat' dir='ltr'>gamela</span> <span class='ocrx_word' id='word_1_127' title='bbox 945 1797 1067 1855; x_wconf 70' lang='lat' dir='ltr'>cornis.</span> 
     </span>
    </p>

    <p class='ocr_par' dir='ltr' id='par_1_6' title="bbox 135 1866 1221 2100">
     <span class='ocr_line' id='line_1_18' title="bbox 222 1866 1221 1960; baseline 0.002 -24"><span class='ocrx_word' id='word_1_128' title='bbox 222 1872 262 1936; x_wconf 88' lang='lat' dir='ltr'>P.</span> <span class='ocrx_word' id='word_1_129' title='bbox 287 1873 318 1949; x_wconf 83' lang='lat'>5,</span> <span class='ocrx_word' id='word_1_130' title='bbox 344 1874 392 1934; x_wconf 75' lang='lat'>13.</span> <span class='ocrx_word' id='word_1_131' title='bbox 413 1867 472 1944; x_wconf 75' lang='grc' dir='ltr'>τὰς</span> <span class='ocrx_word' id='word_1_132' title='bbox 492 1872 557 1934; x_wconf 79' lang='grc' dir='ltr'>τῶν</span> <span class='ocrx_word' id='word_1_133' title='bbox 576 1868 720 1950; x_wconf 77' lang='grc' dir='ltr'><strong><em>πράξεων</em></strong></span> <span class='ocrx_word' id='word_1_134' title='bbox 744 1870 866 1956; x_wconf 67' lang='lat' dir='ltr'>pinnac</span> <span class='ocrx_word' id='word_1_135' title='bbox 886 1866 1149 1960; x_wconf 73' lang='grc' dir='ltr'>α’ναοκιὶλλοντες]</span> <span class='ocrx_word' id='word_1_136' title='bbox 1171 1897 1221 1938; x_wconf 86' lang='lat' dir='ltr'>re-</span> 
     </span>
     <span class='ocr_line' id='line_1_19' title="bbox 135 1953 1221 2042; baseline 0.005 -25"><span class='ocrx_word' id='word_1_137' title='bbox 135 1977 207 2017; x_wconf 85' lang='lat' dir='ltr'>rum</span> <span class='ocrx_word' id='word_1_138' title='bbox 235 1969 389 2036; x_wconf 72' lang='lat' dir='ltr'>gestantem</span> <span class='ocrx_word' id='word_1_139' title='bbox 417 1977 506 2039; x_wconf 74' lang='lat' dir='ltr'>negas</span> <span class='ocrx_word' id='word_1_140' title='bbox 541 1953 734 2040; x_wconf 76' lang='lat' dir='ltr'>refodiemcs.</span> <span class='ocrx_word' id='word_1_141' title='bbox 765 1958 832 2041; x_wconf 87' lang='lat' dir='ltr'>quis</span> <span class='ocrx_word' id='word_1_142' title='bbox 864 1956 936 2020; x_wconf 86' lang='lat' dir='ltr'>istas</span> <span class='ocrx_word' id='word_1_143' title='bbox 964 1958 1128 2042; x_wconf 87' lang='lat' dir='ltr'>elegantias</span> <span class='ocrx_word' id='word_1_144' title='bbox 1159 1981 1221 2022; x_wconf 93' lang='lat' dir='ltr'>non</span> 
     </span>
     <span class='ocr_line' id='line_1_20' title="bbox 137 2039 294 2100; baseline 0 0"><span class='ocrx_word' id='word_1_145' title='bbox 137 2039 160 2100; x_wconf 89' lang='lat' dir='ltr'>d</span> <span class='ocrx_word' id='word_1_146' title='bbox 218 2044 294 2100; x_wconf 73' lang='lat' dir='ltr'>uati</span> 
     </span>
    </p>

    <p class='ocr_par' dir='ltr' id='par_1_7' title="bbox 162 2061 1222 2207">
     <span class='ocr_line' id='line_1_21' title="bbox 162 2061 1222 2207; baseline 0.004 -25"><span class='ocrx_word' id='word_1_147' title='bbox 162 2061 268 2182; x_wconf 49' lang='lat' dir='ltr'>cipP.</span> <span class='ocrx_word' id='word_1_148' title='bbox 292 2120 321 2198; x_wconf 88' lang='lat'>5,</span> <span class='ocrx_word' id='word_1_149' title='bbox 342 2140 392 2188; x_wconf 78' lang='lat' dir='ltr'>so.</span> <span class='ocrx_word' id='word_1_150' title='bbox 432 2116 503 2181; x_wconf 62' lang='lat' dir='ltr'>tuot</span> <span class='ocrx_word' id='word_1_151' title='bbox 521 2118 557 2181; x_wconf 80' lang='lat' dir='ltr'>dl</span> <span class='ocrx_word' id='word_1_152' title='bbox 575 2114 619 2193; x_wconf 76' lang='grc' dir='ltr'>ὥς</span> <span class='ocrx_word' id='word_1_153' title='bbox 631 2114 688 2182; x_wconf 80' lang='grc' dir='ltr'><strong><em>καί</em></strong></span> <span class='ocrx_word' id='word_1_154' title='bbox 708 2107 799 2181; x_wconf 72' lang='grc' dir='ltr'><strong><em>ἄλλοι</em></strong></span> <span class='ocrx_word' id='word_1_155' title='bbox 813 2119 984 2199; x_wconf 73' lang='grc' dir='ltr'><strong><em>ξυμβαλεῖν</em></strong></span> <span class='ocrx_word' id='word_1_156' title='bbox 1002 2114 1126 2201; x_wconf 79' lang='grc' dir='ltr'><strong><em>ἔχουσι]</em></strong></span> <span class='ocrx_word' id='word_1_157' title='bbox 1148 2144 1222 2207; x_wconf 89' lang='lat' dir='ltr'>pro·</span> 
     </span>
    </p>

    <p class='ocr_par' dir='ltr' id='par_1_8' title="bbox 137 2201 1221 2430">
     <span class='ocr_line' id='line_1_22' title="bbox 137 2201 1221 2289; baseline 0.001 -25"><span class='ocrx_word' id='word_1_158' title='bbox 137 2201 201 2264; x_wconf 81' lang='lat' dir='ltr'>lixa</span> <span class='ocrx_word' id='word_1_159' title='bbox 225 2214 255 2263; x_wconf 88' lang='lat' dir='ltr'>et</span> <span class='ocrx_word' id='word_1_160' title='bbox 275 2204 493 2266; x_wconf 84' lang='lat' dir='ltr'>intricatissima</span> <span class='ocrx_word' id='word_1_161' title='bbox 514 2204 670 2284; x_wconf 88' lang='lat' dir='ltr'>periodus.</span> <span class='ocrx_word' id='word_1_162' title='bbox 689 2223 708 2264; x_wconf 93' lang='lat' dir='ltr'>e</span> <span class='ocrx_word' id='word_1_163' title='bbox 736 2204 845 2285; x_wconf 87' lang='lat' dir='ltr'>quibus</span> <span class='ocrx_word' id='word_1_164' title='bbox 867 2203 992 2265; x_wconf 76' lang='lat' dir='ltr'>salebris</span> <span class='ocrx_word' id='word_1_165' title='bbox 1012 2226 1060 2266; x_wconf 88' lang='lat' dir='ltr'>me</span> <span class='ocrx_word' id='word_1_166' title='bbox 1079 2208 1130 2268; x_wconf 88' lang='lat' dir='ltr'>vix</span> <span class='ocrx_word' id='word_1_167' title='bbox 1148 2208 1221 2289; x_wconf 77' lang='lat' dir='ltr'>quai.</span> 
     </span>
     <span class='ocr_line' id='line_1_23' title="bbox 137 2285 1221 2371; baseline 0.007 -26"><span class='ocrx_word' id='word_1_168' title='bbox 137 2285 230 2364; x_wconf 85' lang='lat' dir='ltr'>dom,</span> <span class='ocrx_word' id='word_1_169' title='bbox 267 2286 320 2348; x_wconf 87' lang='lat' dir='ltr'>sed</span> <span class='ocrx_word' id='word_1_170' title='bbox 347 2287 484 2371; x_wconf 83' lang='lat' dir='ltr'>expedivi</span> <span class='ocrx_word' id='word_1_171' title='bbox 514 2298 641 2363; x_wconf 84' lang='lat' dir='ltr'>tamen,</span> <span class='ocrx_word' id='word_1_172' title='bbox 671 2296 708 2348; x_wconf 87' lang='lat' dir='ltr'>at</span> <span class='ocrx_word' id='word_1_173' title='bbox 735 2288 890 2350; x_wconf 83' lang='lat' dir='ltr'>arbitror:</span> <span class='ocrx_word' id='word_1_174' title='bbox 921 2286 1052 2351; x_wconf 86' lang='lat' dir='ltr'>multum</span> <span class='ocrx_word' id='word_1_175' title='bbox 1071 2299 1155 2353; x_wconf 80' lang='lat' dir='ltr'>cette</span> <span class='ocrx_word' id='word_1_176' title='bbox 1175 2289 1221 2354; x_wconf 90' lang='lat' dir='ltr'>la·</span> 
     </span>
     <span class='ocr_line' id='line_1_24' title="bbox 139 2368 263 2430; baseline 0.008 -1"><span class='ocrx_word' id='word_1_177' title='bbox 139 2368 263 2430; x_wconf 76' lang='lat' dir='ltr'>bonavi.</span> 
     </span>
    </p>

    <p class='ocr_par' dir='ltr' id='par_1_9' title="bbox 136 2444 1321 2775">
     <span class='ocr_line' id='line_1_25' title="bbox 223 2444 1220 2539; baseline 0.007 -27"><span class='ocrx_word' id='word_1_178' title='bbox 223 2453 262 2515; x_wconf 86' lang='lat' dir='ltr'>P.</span> <span class='ocrx_word' id='word_1_179' title='bbox 282 2473 315 2536; x_wconf 80' lang='lat'>7,</span> <span class='ocrx_word' id='word_1_180' title='bbox 340 2473 386 2516; x_wconf 86' lang='grc' dir='ltr'>ιι.</span> <span class='ocrx_word' id='word_1_181' title='bbox 429 2444 582 2534; x_wconf 74' lang='grc' dir='ltr'>ἄρξαντος</span> <span class='ocrx_word' id='word_1_182' title='bbox 609 2445 742 2532; x_wconf 75' lang='grc' dir='ltr'><strong><em>πρώτως</em></strong></span> <span class='ocrx_word' id='word_1_183' title='bbox 759 2448 916 2536; x_wconf 78' lang='grc' dir='ltr'>Ἀλεξίου]</span> <span class='ocrx_word' id='word_1_184' title='bbox 946 2454 1068 2539; x_wconf 82' lang='lat' dir='ltr'>respicit</span> <span class='ocrx_word' id='word_1_185' title='bbox 1095 2457 1134 2519; x_wconf 90' lang='lat' dir='ltr'>ad</span> <span class='ocrx_word' id='word_1_186' title='bbox 1165 2477 1220 2519; x_wconf 80' lang='lat' dir='ltr'>sua</span> 
     </span>
     <span class='ocr_line' id='line_1_26' title="bbox 136 2535 1220 2621; baseline 0.005 -26"><span class='ocrx_word' id='word_1_187' title='bbox 136 2535 333 2617; x_wconf 88' lang='lat' dir='ltr'>potissimum</span> <span class='ocrx_word' id='word_1_188' title='bbox 364 2546 521 2618; x_wconf 87' lang='lat' dir='ltr'>tempora,</span> <span class='ocrx_word' id='word_1_189' title='bbox 557 2547 591 2596; x_wconf 92' lang='lat' dir='ltr'>ut</span> <span class='ocrx_word' id='word_1_190' title='bbox 609 2536 762 2597; x_wconf 87' lang='lat' dir='ltr'>arbitror:</span> <span class='ocrx_word' id='word_1_191' title='bbox 782 2558 853 2598; x_wconf 90' lang='lat' dir='ltr'>nam</span> <span class='ocrx_word' id='word_1_192' title='bbox 878 2539 970 2621; x_wconf 82' lang='lat' dir='ltr'>longe</span> <span class='ocrx_word' id='word_1_193' title='bbox 990 2551 1061 2602; x_wconf 86' lang='lat' dir='ltr'>ante</span> <span class='ocrx_word' id='word_1_194' title='bbox 1079 2540 1220 2601; x_wconf 77' lang='lat' dir='ltr'>Alesiam</span> 
     </span>
     <span class='ocr_line' id='line_1_27' title="bbox 138 2619 1321 2709; baseline 0.005 -30"><span class='ocrx_word' id='word_1_195' title='bbox 138 2620 273 2679; x_wconf 76' lang='lat' dir='ltr'>isaacius</span> <span class='ocrx_word' id='word_1_196' title='bbox 293 2620 464 2680; x_wconf 75' lang='lat' dir='ltr'>Corduenus</span> <span class='ocrx_word' id='word_1_197' title='bbox 494 2629 562 2700; x_wconf 86' lang='lat' dir='ltr'>post</span> <span class='ocrx_word' id='word_1_198' title='bbox 585 2619 765 2680; x_wconf 85' lang='lat' dir='ltr'>Michaelem</span> <span class='ocrx_word' id='word_1_199' title='bbox 793 2621 1005 2682; x_wconf 86' lang='lat' dir='ltr'>Stratioticum</span> <span class='ocrx_word' id='word_1_200' title='bbox 1037 2621 1321 2709; x_wconf 66' lang='lat' dir='ltr'>imperavit3v.343</span> 
     </span>
     <span class='ocr_line' id='line_1_28' title="bbox 138 2700 1075 2775; baseline 0.004 -15"><span class='ocrx_word' id='word_1_201' title='bbox 138 2702 190 2760; x_wconf 90' lang='lat' dir='ltr'>cui</span> <span class='ocrx_word' id='word_1_202' title='bbox 212 2702 428 2761; x_wconf 75' lang='lat' dir='ltr'>Constantinus</span> <span class='ocrx_word' id='word_1_203' title='bbox 446 2703 550 2761; x_wconf 81' lang='lat' dir='ltr'>Duces</span> <span class='ocrx_word' id='word_1_204' title='bbox 569 2702 733 2775; x_wconf 83' lang='lat' dir='ltr'>successit,</span> <span class='ocrx_word' id='word_1_205' title='bbox 758 2711 794 2761; x_wconf 89' lang='lat' dir='ltr'>ut</span> <span class='ocrx_word' id='word_1_206' title='bbox 817 2700 915 2763; x_wconf 85' lang='lat' dir='ltr'>refert</span> <span class='ocrx_word' id='word_1_207' title='bbox 933 2705 1075 2764; x_wconf 86' lang='lat' dir='ltr'>Zonaras.</span> 
     </span>
    </p>

    <p class='ocr_par' dir='ltr' id='par_1_10' title="bbox 128 2775 1321 3505">
     <span class='ocr_line' id='line_1_29' title="bbox 225 2775 1321 2871; baseline 0.002 -30"><span class='ocrx_word' id='word_1_208' title='bbox 225 2780 265 2841; x_wconf 88' lang='lat' dir='ltr'>P.</span> <span class='ocrx_word' id='word_1_209' title='bbox 289 2802 336 2856; x_wconf 82' lang='lat' dir='ltr'>to,</span> <span class='ocrx_word' id='word_1_210' title='bbox 364 2782 412 2849; x_wconf 81' lang='lat'>16.</span> <span class='ocrx_word' id='word_1_211' title='bbox 452 2779 472 2864; x_wconf 81' lang='grc' dir='ltr'><em>ἦ</em></span> <span class='ocrx_word' id='word_1_212' title='bbox 497 2782 622 2859; x_wconf 71' lang='grc' dir='ltr'>βασιλὶς</span> <span class='ocrx_word' id='word_1_213' title='bbox 649 2781 685 2843; x_wconf 76' lang='grc' dir='ltr'>δὲ</span> <span class='ocrx_word' id='word_1_214' title='bbox 704 2775 825 2864; x_wconf 74' lang='grc' dir='ltr'><strong><em>Εἰρήνη</em></strong></span> <span class='ocrx_word' id='word_1_215' title='bbox 852 2783 908 2843; x_wconf 85' lang='grc' dir='ltr'><strong><em>καί</em></strong></span> <span class='ocrx_word' id='word_1_216' title='bbox 926 2781 1030 2864; x_wconf 74' lang='grc' dir='ltr'><strong><em>μήτηρ</em></strong></span> <span class='ocrx_word' id='word_1_217' title='bbox 1049 2776 1321 2871; x_wconf 65' lang='grc' dir='ltr'><strong><em>Ἰοοιὲννου]Ρ.4ιρ</em></strong></span> 
     </span>
     <span class='ocr_line' id='line_1_30' title="bbox 139 2861 1221 2950; baseline 0.007 -26"><span class='ocrx_word' id='word_1_218' title='bbox 139 2861 306 2926; x_wconf 86' lang='lat' dir='ltr'>Choniates</span> <span class='ocrx_word' id='word_1_219' title='bbox 333 2866 460 2926; x_wconf 87' lang='lat' dir='ltr'>nimiam</span> <span class='ocrx_word' id='word_1_220' title='bbox 488 2864 640 2941; x_wconf 87' lang='lat' dir='ltr'>solicitus,</span> <span class='ocrx_word' id='word_1_221' title='bbox 669 2874 704 2925; x_wconf 91' lang='lat' dir='ltr'>ut</span> <span class='ocrx_word' id='word_1_222' title='bbox 727 2876 874 2945; x_wconf 82' lang='lat' dir='ltr'>apparet,</span> <span class='ocrx_word' id='word_1_223' title='bbox 908 2888 948 2928; x_wconf 89' lang='lat' dir='ltr'>ne</span> <span class='ocrx_word' id='word_1_224' title='bbox 978 2870 1046 2950; x_wconf 88' lang='lat' dir='ltr'>quis</span> <span class='ocrx_word' id='word_1_225' title='bbox 1077 2888 1168 2930; x_wconf 86' lang='lat' dir='ltr'>error</span> <span class='ocrx_word' id='word_1_226' title='bbox 1185 2891 1221 2932; x_wconf 82' lang='lat' dir='ltr'>ex</span> 
     </span>
     <span class='ocr_line' id='line_1_31' title="bbox 138 2945 1222 3031; baseline 0.009 -26"><span class='ocrx_word' id='word_1_227' title='bbox 138 2945 277 3028; x_wconf 88' lang='lat' dir='ltr'>propriis</span> <span class='ocrx_word' id='word_1_228' title='bbox 308 2949 483 3010; x_wconf 89' lang='lat' dir='ltr'>nominibus</span> <span class='ocrx_word' id='word_1_229' title='bbox 517 2948 643 3025; x_wconf 86' lang='lat' dir='ltr'>existat,</span> <span class='ocrx_word' id='word_1_230' title='bbox 681 2949 816 3027; x_wconf 80' lang='lat' dir='ltr'>epitheta</span> <span class='ocrx_word' id='word_1_231' title='bbox 854 2971 1078 3031; x_wconf 86' lang='lat' dir='ltr'>supervacanea</span> <span class='ocrx_word' id='word_1_232' title='bbox 1108 2952 1222 3015; x_wconf 90' lang='lat' dir='ltr'>adiicit.</span> 
     </span>
     <span class='ocr_line' id='line_1_32' title="bbox 137 3030 1223 3113; baseline 0.007 -23"><span class='ocrx_word' id='word_1_233' title='bbox 137 3030 251 3091; x_wconf 86' lang='lat' dir='ltr'>lrencn</span> <span class='ocrx_word' id='word_1_234' title='bbox 282 3051 345 3092; x_wconf 87' lang='lat' dir='ltr'>esse</span> <span class='ocrx_word' id='word_1_235' title='bbox 364 3032 583 3113; x_wconf 85' lang='lat' dir='ltr'>imperatricem</span> <span class='ocrx_word' id='word_1_236' title='bbox 613 3042 644 3093; x_wconf 90' lang='lat' dir='ltr'>et</span> <span class='ocrx_word' id='word_1_237' title='bbox 665 3031 812 3094; x_wconf 82' lang='lat' dir='ltr'>iohannis</span> <span class='ocrx_word' id='word_1_238' title='bbox 833 3045 962 3095; x_wconf 86' lang='lat' dir='ltr'>matrem</span> <span class='ocrx_word' id='word_1_239' title='bbox 982 3034 1054 3095; x_wconf 88' lang='lat' dir='ltr'>satis</span> <span class='ocrx_word' id='word_1_240' title='bbox 1073 3035 1223 3098; x_wconf 80' lang='lat' dir='ltr'>intellexi·</span> 
     </span>
     <span class='ocr_line' id='line_1_33' title="bbox 136 3116 1297 3197; baseline 0.008 -24"><span class='ocrx_word' id='word_1_241' title='bbox 136 3133 229 3188; x_wconf 87' lang='lat' dir='ltr'>mus,</span> <span class='ocrx_word' id='word_1_242' title='bbox 259 3134 359 3196; x_wconf 88' lang='lat' dir='ltr'>neque</span> <span class='ocrx_word' id='word_1_243' title='bbox 388 3116 556 3197; x_wconf 84' lang='lat' dir='ltr'>periculum</span> <span class='ocrx_word' id='word_1_244' title='bbox 591 3127 636 3176; x_wconf 89' lang='lat' dir='ltr'>est</span> <span class='ocrx_word' id='word_1_245' title='bbox 666 3136 707 3175; x_wconf 90' lang='lat' dir='ltr'>ne</span> <span class='ocrx_word' id='word_1_246' title='bbox 727 3137 808 3177; x_wconf 88' lang='lat' dir='ltr'>nuuc</span> <span class='ocrx_word' id='word_1_247' title='bbox 832 3117 890 3178; x_wconf 89' lang='lat' dir='ltr'>alia</span> <span class='ocrx_word' id='word_1_248' title='bbox 912 3120 1000 3179; x_wconf 79' lang='lat' dir='ltr'>Irene</span> <span class='ocrx_word' id='word_1_249' title='bbox 1021 3118 1219 3197; x_wconf 75' lang='lat' dir='ltr'>intelligatur.</span> <span class='ocrx_word' id='word_1_250' title='bbox 1294 3150 1297 3155; x_wconf 92' lang='lat'>·</span> 
     </span>
     <span class='ocr_line' id='line_1_34' title="bbox 137 3197 1222 3278; baseline 0.012 -24"><span class='ocrx_word' id='word_1_251' title='bbox 137 3217 236 3278; x_wconf 91' lang='lat' dir='ltr'>quare</span> <span class='ocrx_word' id='word_1_252' title='bbox 254 3197 309 3257; x_wconf 87' lang='lat' dir='ltr'>has</span> <span class='ocrx_word' id='word_1_253' title='bbox 337 3207 368 3258; x_wconf 88' lang='lat' dir='ltr'>et</span> <span class='ocrx_word' id='word_1_254' title='bbox 396 3197 507 3259; x_wconf 87' lang='lat' dir='ltr'>similes</span> <span class='ocrx_word' id='word_1_255' title='bbox 532 3197 770 3277; x_wconf 73' lang='lat' dir='ltr'>naptaaoloyr&#39;oc</span> <span class='ocrx_word' id='word_1_256' title='bbox 801 3201 945 3262; x_wconf 85' lang='lat' dir='ltr'>omittere</span> <span class='ocrx_word' id='word_1_257' title='bbox 979 3221 1040 3261; x_wconf 90' lang='lat' dir='ltr'>non</span> <span class='ocrx_word' id='word_1_258' title='bbox 1070 3200 1222 3268; x_wconf 83' lang='lat' dir='ltr'>dubitavi.</span> 
     </span>
     <span class='ocr_line' id='line_1_35' title="bbox 128 3278 1221 3368; baseline 0.01 -31"><span class='ocrx_word' id='word_1_259' title='bbox 128 3278 219 3339; x_wconf 84' lang='lat' dir='ltr'>-idem</span> <span class='ocrx_word' id='word_1_260' title='bbox 240 3284 331 3341; x_wconf 86' lang='lat' dir='ltr'>etiam</span> <span class='ocrx_word' id='word_1_261' title='bbox 365 3278 422 3341; x_wconf 86' lang='lat' dir='ltr'>seci</span> <span class='ocrx_word' id='word_1_262' title='bbox 447 3282 477 3341; x_wconf 94' lang='lat' dir='ltr'>in</span> <span class='ocrx_word' id='word_1_263' title='bbox 498 3300 722 3361; x_wconf 86' lang='lat' dir='ltr'>supervacanea</span> <span class='ocrx_word' id='word_1_264' title='bbox 744 3284 936 3366; x_wconf 88' lang='lat' dir='ltr'>propriorum</span> <span class='ocrx_word' id='word_1_265' title='bbox 954 3285 1111 3343; x_wconf 84' lang='lat' dir='ltr'>nominum</span> <span class='ocrx_word' id='word_1_266' title='bbox 1128 3305 1221 3368; x_wconf 88' lang='lat' dir='ltr'>repe·</span> 
     </span>
     <span class='ocr_line' id='line_1_36' title="bbox 136 3360 1221 3446; baseline 0.011 -27"><span class='ocrx_word' id='word_1_267' title='bbox 136 3360 250 3421; x_wconf 89' lang='lat' dir='ltr'>titione</span> <span class='ocrx_word' id='word_1_268' title='bbox 267 3374 320 3424; x_wconf 89' lang='lat' dir='ltr'>aut</span> <span class='ocrx_word' id='word_1_269' title='bbox 338 3382 395 3445; x_wconf 92' lang='lat' dir='ltr'>pro</span> <span class='ocrx_word' id='word_1_270' title='bbox 413 3363 549 3426; x_wconf 86' lang='lat' dir='ltr'>relativis</span> <span class='ocrx_word' id='word_1_271' title='bbox 567 3362 797 3446; x_wconf 88' lang='lat' dir='ltr'>pronominibus</span> <span class='ocrx_word' id='word_1_272' title='bbox 815 3364 1019 3428; x_wconf 85' lang='lat' dir='ltr'>collocatione</span> <span class='ocrx_word' id='word_1_273' title='bbox 1041 3365 1167 3428; x_wconf 85' lang='lat' dir='ltr'>molesta</span> <span class='ocrx_word' id='word_1_274' title='bbox 1187 3378 1221 3431; x_wconf 89' lang='lat' dir='ltr'>et</span> 
     </span>
     <span class='ocr_line' id='line_1_37' title="bbox 137 3443 253 3505; baseline 0 -1"><span class='ocrx_word' id='word_1_275' title='bbox 137 3443 253 3505; x_wconf 86' lang='lat' dir='ltr'>odiosa.</span> 
     </span>
    </p>

    <p class='ocr_par' dir='ltr' id='par_1_11' title="bbox 137 3519 1219 3692">
     <span class='ocr_line' id='line_1_38' title="bbox 222 3519 1219 3621; baseline 0.009 -34"><span class='ocrx_word' id='word_1_276' title='bbox 222 3527 262 3590; x_wconf 87' lang='lat' dir='ltr'>P.</span> <span class='ocrx_word' id='word_1_277' title='bbox 290 3547 348 3621; x_wconf 44' lang='grc' dir='ltr'><strong><em>ιο,,</em></strong></span> <span class='ocrx_word' id='word_1_278' title='bbox 361 3525 410 3606; x_wconf 74' lang='grc' dir='ltr'>ο4.</span> <span class='ocrx_word' id='word_1_279' title='bbox 451 3528 507 3590; x_wconf 87' lang='grc' dir='ltr'><strong><em>καί</em></strong></span> <span class='ocrx_word' id='word_1_280' title='bbox 521 3524 662 3606; x_wconf 65' lang='lat' dir='ltr'>duisino</span> <span class='ocrx_word' id='word_1_281' title='bbox 680 3519 850 3617; x_wconf 75' lang='grc' dir='ltr'>ἓαυτῆντῷ</span> <span class='ocrx_word' id='word_1_282' title='bbox 869 3523 1006 3612; x_wconf 75' lang='lat' dir='ltr'>adunet]</span> <span class='ocrx_word' id='word_1_283' title='bbox 1028 3552 1083 3615; x_wconf 86' lang='lat' dir='ltr'>pro</span> <span class='ocrx_word' id='word_1_284' title='bbox 1103 3530 1219 3596; x_wconf 71' lang='lat' dir='ltr'>inruer-</span> 
     </span>
     <span class='ocr_line' id='line_1_39' title="bbox 137 3602 645 3692; baseline 0.01 -25"><span class='ocrx_word' id='word_1_285' title='bbox 137 3606 219 3690; x_wconf 70' lang='grc' dir='ltr'>μὲνρ</span> <span class='ocrx_word' id='word_1_286' title='bbox 238 3608 284 3692; x_wconf 75' lang='grc' dir='ltr'>τῷ</span> <span class='ocrx_word' id='word_1_287' title='bbox 303 3611 500 3687; x_wconf 76' lang='grc' dir='ltr'>σωματικοῦ</span> <span class='ocrx_word' id='word_1_288' title='bbox 520 3602 645 3689; x_wconf 74' lang='grc' dir='ltr'><strong><em>α’νῦρός.</em></strong></span> 
     </span>
    </p>

    <p class='ocr_par' dir='ltr' id='par_1_12' title="bbox 136 3686 1219 4364">
     <span class='ocr_line' id='line_1_40' title="bbox 223 3686 1218 3781; baseline 0.012 -30"><span class='ocrx_word' id='word_1_289' title='bbox 223 3692 262 3753; x_wconf 83' lang='grc' dir='ltr'>Ρ.</span> <span class='ocrx_word' id='word_1_290' title='bbox 286 3710 334 3769; x_wconf 76' lang='grc' dir='ltr'>ιι,</span> <span class='ocrx_word' id='word_1_291' title='bbox 361 3712 385 3754; x_wconf 88' lang='grc' dir='ltr'>ι.</span> <span class='ocrx_word' id='word_1_292' title='bbox 439 3690 483 3765; x_wconf 77' lang='grc' dir='ltr'>ὥς</span> <span class='ocrx_word' id='word_1_293' title='bbox 508 3688 601 3772; x_wconf 80' lang='grc' dir='ltr'><strong><em>κρήνη</em></strong></span> <span class='ocrx_word' id='word_1_294' title='bbox 619 3686 826 3779; x_wconf 75' lang='grc' dir='ltr'><strong><em>μελάνυδρος]</em></strong></span> <span class='ocrx_word' id='word_1_295' title='bbox 844 3706 960 3777; x_wconf 75' lang='lat' dir='ltr'>utjons</span> <span class='ocrx_word' id='word_1_296' title='bbox 978 3698 1083 3778; x_wconf 82' lang='lat' dir='ltr'>nigrae</span> <span class='ocrx_word' id='word_1_297' title='bbox 1106 3720 1218 3781; x_wconf 80' lang='grc' dir='ltr'>αριιαο.</span> 
     </span>
     <span class='ocr_line' id='line_1_41' title="bbox 136 3772 1217 3864; baseline 0.012 -33"><span class='ocrx_word' id='word_1_298' title='bbox 136 3774 240 3853; x_wconf 87' lang='lat' dir='ltr'>aptior</span> <span class='ocrx_word' id='word_1_299' title='bbox 268 3772 374 3834; x_wconf 81' lang='lat' dir='ltr'>luisset</span> <span class='ocrx_word' id='word_1_300' title='bbox 405 3777 569 3838; x_wconf 82' lang='lat' dir='ltr'>Clroniatcs</span> <span class='ocrx_word' id='word_1_301' title='bbox 597 3776 758 3838; x_wconf 83' lang='lat' dir='ltr'>scribendo</span> <span class='ocrx_word' id='word_1_302' title='bbox 784 3783 915 3861; x_wconf 89' lang='lat' dir='ltr'>poemati</span> <span class='ocrx_word' id='word_1_303' title='bbox 935 3803 1028 3864; x_wconf 91' lang='lat' dir='ltr'>quam</span> <span class='ocrx_word' id='word_1_304' title='bbox 1047 3781 1217 3863; x_wconf 86' lang='lat' dir='ltr'>historiae,</span> 
     </span>
     <span class='ocr_line' id='line_1_42' title="bbox 136 3856 1218 3945; baseline 0.013 -31"><span class='ocrx_word' id='word_1_305' title='bbox 136 3866 269 3937; x_wconf 86' lang='lat' dir='ltr'>propter</span> <span class='ocrx_word' id='word_1_306' title='bbox 291 3856 418 3918; x_wconf 86' lang='lat' dir='ltr'>Homeri</span> <span class='ocrx_word' id='word_1_307' title='bbox 439 3860 614 3943; x_wconf 78' lang='lat' dir='ltr'>diligentem</span> <span class='ocrx_word' id='word_1_308' title='bbox 634 3856 850 3925; x_wconf 86' lang='lat' dir='ltr'>imitationem.</span> <span class='ocrx_word' id='word_1_309' title='bbox 869 3864 944 3925; x_wconf 85' lang='lat' dir='ltr'>haec</span> <span class='ocrx_word' id='word_1_310' title='bbox 965 3864 1098 3945; x_wconf 85' lang='lat' dir='ltr'>epitheta</span> <span class='ocrx_word' id='word_1_311' title='bbox 1119 3874 1150 3926; x_wconf 91' lang='lat' dir='ltr'>et</span> <span class='ocrx_word' id='word_1_312' title='bbox 1170 3866 1218 3928; x_wconf 82' lang='lat' dir='ltr'>sl·</span> 
     </span>
     <span class='ocr_line' id='line_1_43' title="bbox 138 3929 1218 4019; baseline 0.011 -23"><span class='ocrx_word' id='word_1_313' title='bbox 138 3929 225 4008; x_wconf 84' lang='grc' dir='ltr'><strong><em>ιαἰνες</em></strong></span> <span class='ocrx_word' id='word_1_314' title='bbox 252 3958 345 4019; x_wconf 87' lang='lat' dir='ltr'>quam</span> <span class='ocrx_word' id='word_1_315' title='bbox 378 3941 533 4004; x_wconf 89' lang='lat' dir='ltr'>historiam</span> <span class='ocrx_word' id='word_1_316' title='bbox 565 3940 693 4002; x_wconf 87' lang='lat' dir='ltr'>deceant</span> <span class='ocrx_word' id='word_1_317' title='bbox 724 3946 834 4007; x_wconf 89' lang='lat' dir='ltr'>nescio.</span> <span class='ocrx_word' id='word_1_318' title='bbox 868 3941 989 4018; x_wconf 77' lang='grc' dir='ltr'>εἰκόνας</span> <span class='ocrx_word' id='word_1_319' title='bbox 1008 3948 1148 4008; x_wconf 88' lang='lat' dir='ltr'>omittere</span> <span class='ocrx_word' id='word_1_320' title='bbox 1167 3950 1218 4009; x_wconf 82' lang='lat' dir='ltr'>vix</span> 
     </span>
     <span class='ocr_line' id='line_1_44' title="bbox 139 4021 1218 4112; baseline 0.013 -32"><span class='ocrx_word' id='word_1_321' title='bbox 139 4021 260 4095; x_wconf 88' lang='lat' dir='ltr'>ausim,</span> <span class='ocrx_word' id='word_1_322' title='bbox 290 4023 347 4083; x_wconf 89' lang='lat' dir='ltr'>nisi</span> <span class='ocrx_word' id='word_1_323' title='bbox 378 4023 508 4087; x_wconf 85' lang='lat' dir='ltr'>nimium</span> <span class='ocrx_word' id='word_1_324' title='bbox 535 4023 709 4111; x_wconf 72' lang='lat' dir='ltr'>frequentes</span> <span class='ocrx_word' id='word_1_325' title='bbox 735 4037 767 4087; x_wconf 87' lang='lat' dir='ltr'>et</span> <span class='ocrx_word' id='word_1_326' title='bbox 786 4026 909 4091; x_wconf 84' lang='lat' dir='ltr'>licentes</span> <span class='ocrx_word' id='word_1_327' title='bbox 937 4028 1061 4091; x_wconf 86' lang='lat' dir='ltr'>fuerint.</span> <span class='ocrx_word' id='word_1_328' title='bbox 1085 4029 1218 4112; x_wconf 86' lang='lat' dir='ltr'>epitheta</span> 
     </span>
     <span class='ocr_line' id='line_1_45' title="bbox 139 4105 1217 4189; baseline 0.006 -24"><span class='ocrx_word' id='word_1_329' title='bbox 139 4124 215 4165; x_wconf 81' lang='lat' dir='ltr'>vero</span> <span class='ocrx_word' id='word_1_330' title='bbox 237 4124 301 4163; x_wconf 92' lang='lat' dir='ltr'>non</span> <span class='ocrx_word' id='word_1_331' title='bbox 323 4105 436 4187; x_wconf 89' lang='lat' dir='ltr'>ubique</span> <span class='ocrx_word' id='word_1_332' title='bbox 457 4110 533 4171; x_wconf 79' lang='lat' dir='ltr'>mihi</span> <span class='ocrx_word' id='word_1_333' title='bbox 555 4107 789 4189; x_wconf 85' lang='lat' dir='ltr'>interpretanda</span> <span class='ocrx_word' id='word_1_334' title='bbox 808 4131 873 4175; x_wconf 86' lang='lat' dir='ltr'>esse</span> <span class='ocrx_word' id='word_1_335' title='bbox 894 4111 978 4174; x_wconf 83' lang='lat' dir='ltr'>duxi.</span> <span class='ocrx_word' id='word_1_336' title='bbox 999 4113 1086 4174; x_wconf 87' lang='lat' dir='ltr'>cuius</span> <span class='ocrx_word' id='word_1_337' title='bbox 1106 4115 1148 4174; x_wconf 87' lang='lat' dir='ltr'>rei</span> <span class='ocrx_word' id='word_1_338' title='bbox 1169 4112 1217 4176; x_wconf 88' lang='lat' dir='ltr'>le.</span> 
     </span>
     <span class='ocr_line' id='line_1_46' title="bbox 139 4188 1219 4276; baseline 0.011 -29"><span class='ocrx_word' id='word_1_339' title='bbox 139 4198 254 4249; x_wconf 86' lang='lat' dir='ltr'>ctorem</span> <span class='ocrx_word' id='word_1_340' title='bbox 276 4188 369 4249; x_wconf 85' lang='lat' dir='ltr'>semel</span> <span class='ocrx_word' id='word_1_341' title='bbox 389 4189 578 4255; x_wconf 90' lang='lat' dir='ltr'>admonitum</span> <span class='ocrx_word' id='word_1_342' title='bbox 598 4193 688 4253; x_wconf 88' lang='lat' dir='ltr'>etiam</span> <span class='ocrx_word' id='word_1_343' title='bbox 711 4192 850 4276; x_wconf 83' lang='lat' dir='ltr'>deinceps</span> <span class='ocrx_word' id='word_1_344' title='bbox 867 4196 1037 4258; x_wconf 88' lang='lat' dir='ltr'>meminisse</span> <span class='ocrx_word' id='word_1_345' title='bbox 1057 4195 1159 4274; x_wconf 86' lang='lat' dir='ltr'>velim,</span> <span class='ocrx_word' id='word_1_346' title='bbox 1179 4219 1219 4259; x_wconf 88' lang='lat' dir='ltr'>ne</span> 
     </span>
     <span class='ocr_line' id='line_1_47' title="bbox 139 4269 1217 4364; baseline 0.014 -35"><span class='ocrx_word' id='word_1_347' title='bbox 139 4271 222 4354; x_wconf 86' lang='lat' dir='ltr'>qnod</span> <span class='ocrx_word' id='word_1_348' title='bbox 247 4269 356 4334; x_wconf 87' lang='lat' dir='ltr'>iudicio</span> <span class='ocrx_word' id='word_1_349' title='bbox 388 4272 499 4339; x_wconf 83' lang='lat' dir='ltr'>factura</span> <span class='ocrx_word' id='word_1_350' title='bbox 526 4288 595 4359; x_wconf 85' lang='lat' dir='ltr'>est,</span> <span class='ocrx_word' id='word_1_351' title='bbox 623 4276 757 4340; x_wconf 84' lang='lat' dir='ltr'>inscitiae</span> <span class='ocrx_word' id='word_1_352' title='bbox 787 4291 840 4340; x_wconf 88' lang='lat' dir='ltr'>aut</span> <span class='ocrx_word' id='word_1_353' title='bbox 861 4277 1059 4364; x_wconf 75' lang='lat' dir='ltr'>negligentiae</span> <span class='ocrx_word' id='word_1_354' title='bbox 1088 4281 1217 4352; x_wconf 88' lang='lat' dir='ltr'>tribuat.</span> 
     </span>
    </p>
   </div>
   <div class='ocr_carea' id='block_1_3' title="bbox 0 0 1520 4838">
    <p class='ocr_par' dir='ltr' id='par_1_13' title="bbox 0 0 1520 4838">
     <span class='ocr_line' id='line_1_48' title="bbox 0 0 1520 4838; baseline 0 0"><span class='ocrx_word' id='word_1_355' title='bbox 0 0 1520 4838; x_wconf 95' lang='lat' dir='ltr'> </span> 
     </span>
    </p>
   </div>
  </div>
 </body>
</html>
