3020 4844
226 524 280 610 3²
559 552 730 619 atomio
759 512 993 618 crrouurln

225 725 302 782 μανι
322 702 423 789 ῥοθίῳ
459 702 515 766 τοῦ
539 704 781 768 Κωνσταντίνου
806 703 1024 783 ἐπικειμένου,
1051 696 1134 783 ὅμως
1162 694 1218 763 τάν
1242 700 1308 763 Et·

225 804 373 887 στράτιον
387 811 508 888 φωναῖς
528 801 703 887 άπήλειφον
722 802 751 865 oi
766 801 918 883 Ῥωμαῖαι
938 800 992 865 καί
1010 795 1225 882 (ἐπιπλήττειν
1245 796 1306 861 αό-

197 1002 356 1084 ὒδόκησιν
375 998 618 1083 παρασχόμενος
638 998 682 1074 ὥς
701 995 825 1081 πλήξειε
845 996 897 1063 τόν
920 999 1100 1077 ἀντιπάλου,
1122 995 1307 1060 ἀπεστέλλε-

225 1120 259 1163 τα
290 1097 375 1183 παρά
406 1095 517 1179 δόξαν,
551 1093 603 1164 οἷά
624 1120 707 1172 τινος
730 1103 876 1180 Τελχῖνος
907 1096 963 1182 τήν
996 1097 1101 1177 δεξιάν
1122 1097 1227 1182 έκείνφ
1246 1098 1334 1161 ταῦ5

224 1197 365 1282 πλήττειν
385 1194 558 1280 ἀπάγοντος
578 1200 634 1261 κατ’
653 1194 732 1280 πρὸς
752 1195 788 1260 τό
804 1200 884 1281 δρᾶν
897 1198 1108 1281 ἐκτεινομένην
1126 1197 1302 1278 ἐπέχοντος.

224 1296 283 1377 ἀψὲ
304 1299 340 1362 δέ
359 1319 434 1363 ποτε
454 1295 535 1375 μετά
557 1293 674 1380 πολλήν
705 1300 763 1360 rori
783 1297 894 1381 ’ξίφους
918 1296 1120 1361 ταλάντευσιν
1138 1292 1193 1378 τήν
1211 1303 1305 1380 χεῖρα

223 1394 413 1479 κατενεγκών
425 1395 453 1471 ,ό
475 1393 638 1459 Μακεδών
658 1397 732 1483 διχῇ
752 1394 805 1461 τόν
825 1394 1065 1461 normanum
1083 1391 1203 1479 θυρεόν
1223 1397 1305 1460 διαι-

223 1504 289 1580 ρεῖ,
312 1494 422 1579 χρῆμά
442 1519 472 1559 τι
492 1497 634 1579 πέλωρον
657 1487 733 1559 ὄντα
756 1496 812 1559 καί
837 1491 977 1578 ἀτεχνῶς
994 1493 1183 1577 Ἑιττόρειον·
1227 1493 1306 1579 πρὸς

222 1590 299 1678 ὅπερ
315 1595 467 1675 Ῥωμαῖαι
487 1598 547 1674 μέν
565 1591 763 1679 ἐπηλάλαξαν
789 1593 870 1676 μετά
889 1597 1036 1678 πλείστης
1057 1592 1096 1677 δή
1116 1597 1172 1678 τῆς
1192 1591 1304 1679 έκπλή-
1318 1617 1359 1659 το·

222 1699 320 1774 ξεως,
350 1693 368 1756 ά
396 1696 424 1757 δ’
442 1692 607 1777 Ἀρμένιος
638 1693 673 1759 τὸ
695 1690 910 1780 φυλακτήριον
932 1687 1027 1758 ὅπλον
1047 1690 1146 1767 αότως
1163 1694 1305 1771 ἀέλπτως

223 1787 474 1875 ἀπαβαλόμτνας,
494 1797 605 1877 μηκέτι
626 1798 732 1874 μένειν
754 1794 809 1858 ἐπί
828 1797 886 1857 τοῦ
906 1794 1097 1876 μεταιχμίαυ
1121 1794 1305 1874 δυνάμενος,

222 1890 300 1956 ποσί
317 1890 376 1976 τήν
402 1893 563 1976 σωτηρίαν
596 1895 741 1976 ἐπρίατο,
775 1890 1006 1975 ἑπαναδραμαλν
1037 1892 1082 1965 είς
1112 1889 1147 1956 τά
1165 1890 1306 1978 γήλοφον

223 1990 267 2065 ὥς
285 1989 342 2054 τὸν
361 1989 435 2073 περί
466 1995 577 2073 ψυχῆς
596 1995 717 2074 τρέχων
739 1990 799 2056 σάν
820 1991 954 2079 ἀξυτέριρ
977 1989 1147 2076 ὁρμήματι.
1189 1994 1248 2056 τοῦ
1268 1993 1304 2057 δέ

189 2092 337 2154 Dionaei
370 2086 452 2152 κατά
480 2085 591 2170 χώραν
617 2092 722 2169 μένων
743 2082 814 2154 οὔτε
839 2087 1004 2170 Ῥωμαιων
1034 2087 1303 2176 κατεφρυάττετο,
1318 2092 1357 2154 15

222 2179 296 2254 αάτε
313 2185 379 2273 μήν
392 2191 426 2263 ές
444 2187 501 2251 τόν
521 2181 641 2253 ἀνακτα
661 2190 717 2252 καί
734 2187 769 2252 τό
791 2191 879 2270 γένος
897 2192 1128 2272 θρασυστομεῖν
1150 2194 1305 2273 σαπρολο-

219 2287 291 2372 μίας
311 2286 392 2353 ἱέναι
426 2289 580 2372 προέθετο
608 2291 744 2370 βέλεμνα
769 2289 803 2351 έν
833 2291 878 2377 τῷ
910 2286 946 2353 τά
978 2291 1070 2373 χειλη
1090 2289 1204 2353 τείνειν
1224 2285 1303 2352 κατά

219 2386 336 2472 νευράν
355 2388 411 2451 καί
437 2386 514 2463 τοὺς,
547 2381 679 2463 ὀδόντας
699 2387 778 2455 οδσεί
796 2384 881 2465 τόξον
905 2390 1081 2452 διατιθέναι
1100 2388 1229 2471 κέρασιν
1247 2386 1305 2470 ἆρ-

219 2487 400 2568 μοζόμενον.
450 2488 618 2572 ἐρωτηθείς
647 2490 683 2552 δέ
703 2485 784 2569 πρός
812 2490 872 2551 τοῦ
892 2490 1047 2567 βασιλέως
1067 2484 1084 2550 o‘
1105 2482 1268 2550 Μακεδών
1288 2480 1307 2549 ὅ

219 2608 252 2648 τι
271 2587 356 2669 δρῶν
383 2583 439 2650 καί
457 2586 678 2667 διανοούμενος
705 2587 762 2669 τήν
785 2587 843 2665 μὲν
870 2594 962 2668 χεῖρα
984 2581 1131 2659 πολλάκις
1151 2583 1305 2648 ἀνέτεινεν
1314 2603 1357 2646 ao

220 2679 264 2758 τός
283 2681 408 2769 πλήξων
439 2683 494 2750 τόν
514 2681 761 2765 ἀνθιστάμενον,
785 2682 829 2768 τό
852 2687 888 2750 δὲ
908 2683 998 2771 ’ξίφος
1017 2678 1102 2762 ἅπαξ
1121 2681 1303 2767 κατήνεγκε,

219 2781 336 2848 σκοπόν
356 2777 443 2849 είναί
468 2782 499 2849 αἱ
529 2781 584 2847 διά
610 2787 686 2864 μιᾶς
710 2780 810 2869 ἔφατο
831 2785 888 2849 τοῦ
909 2785 1020 2870 ξίφους
1040 2784 1224 2870 καταφοράς
1244 2779 1303 2865 τήν

220 2879 341 2945 ἀσπίδα
361 2886 417 2946 καί
431 2879 489 2946 τόν
507 2878 606 2966 αάτήν
627 2882 779 2965 ἀνέχοντα
795 2884 907 2949 διελεῖν
925 2883 1108 2967 Ἀρμένιον·
1129 2879 1173 2955 οἱς
1192 2885 1222 2945 δ’
1235 2881 1304 2944 έπι-

219 2982 306 3055 τελὲς
327 2978 385 3045 αυίτ
404 2972 470 3062 εἶχε
490 2978 526 3046 τό
548 2979 751 3062 ἐννοούμενον
772 2980 825 3047 διά
848 2979 882 3047 τό
904 2979 950 3065 μή
970 2983 1005 3048 έν
1022 2982 1093 3069 χρή
1113 2980 1167 3046 τόν
1187 2975 1302 3067 διάφο·

219 3249 328 3312 perator
347 3258 409 3294 vero
428 3242 457 3294 in
475 3240 624 3296 Macedone
651 3248 725 3314 rpem
741 3243 810 3295 ocleo
829 3243 933 3296 nullam
952 3241 1089 3306 habeba,
1105 3250 1137 3294 ut
1155 3257 1218 3295 eum
1238 3259 1302 3295 ere-

221 3330 312 3364 rurum
338 3329 398 3365 eree
427 3313 499 3365 clere
520 3332 587 3367 voce
611 3323 729 3383 negaret
757 3316 879 3385 quamvir
898 3322 989 3367 autern
1009 3314 1203 3366 Constantinus
1222 3322 1301 3367 tanto

220 3384 325 3451 impetu
342 3383 507 3434 Euctratium
532 3393 658 3453 urgeret,
684 3393 774 3438 tamen
792 3385 908 3437 eundem
929 3384 1042 3436 Romani
1059 3383 1300 3436 acclamationibus

220 3451 425 3514 conlirmebent,
445 3462 474 3505 et
492 3460 524 3504 ut
542 3456 661 3506 uicieelm
679 3457 772 3508 feriret
789 3455 894 3508 hortem
910 3453 1102 3507 admonebant
1121 3454 1144 3505 ie
1159 3471 1222 3507 vero
1240 3469 1303 3505 eae-

219 3539 256 3593 pe
274 3522 345 3573 elatu
366 3539 446 3573 manu
466 3524 544 3592 queri
562 3540 750 3593 percurrerem,
768 3534 875 3594 praeter
891 3525 1107 3594 expectationem
1126 3525 1240 3577 eandem
1258 3539 1303 3575 re-

221 3593 362 3655 trahebat,
380 3590 454 3644 head
478 3610 554 3645 cecus
573 3611 604 3645 ac
628 3594 651 3645 ei
674 3596 863 3664 praestigiator
888 3595 1023 3665 quirpiam
1051 3595 1172 3648 dextrum
1190 3594 1225 3646 ob
1244 3593 1300 3646 ictu

220 3672 355 3716 everteret
372 3671 400 3717 et
420 3662 577 3715 acl-lacinur
595 3672 715 3734 paratam
734 3667 899 3735 reprimeret
919 3665 1131 3719 tendemeneern
1150 3665 1198 3717 δὶα
1216 3663 1303 3715 libre-

220 3743 278 3787 tum
295 3736 334 3788 ita
356 3735 385 3787 in
403 3734 576 3787 Constantini
601 3735 718 3804 clipeum
743 3737 868 3807 impegit,
891 3737 1028 3805 ingentem
1047 3738 1126 3789 illum
1144 3733 1255 3806 quidem
1273 3742 1305 3787 et

218 3805 505 3875 ptineottecroreum,
533 3812 565 3856 ut
587 3805 706 3857 medium
733 3805 885 3859 dissecaret.
912 3807 947 3859 ad
971 3807 1046 3878 quod
1069 3806 1169 3860 lactum
1188 3805 1302 3856 Romani

218 3890 279 3927 cum
297 3892 391 3945 magna
409 3874 588 3928 edmiratione
612 3877 803 3931 exclamarunt
846 3879 988 3931 Armeniue
1007 3894 1070 3930 vero
1087 3878 1176 3946 clipeo
1193 3883 1304 3943 praeter

219 3961 295 4015 rpem
311 3946 443 4010 nudatur,
463 3964 524 3999 cum
539 3962 597 4023 pon
614 3948 729 4016 amplior
746 3950 776 4000 in
790 3948 905 4018 planitie
922 3965 1032 4001 manere
1049 3955 1154 4018 portet,
1176 3945 1237 4013 luge
1257 3962 1305 3998 τα-

219 4016 306 4068 lutem
326 4016 469 4086 quaeririt,
487 4024 517 4070 et
533 4024 565 4069 ut
580 4017 715 4087 incepitie
733 4020 864 4089 periculo,
884 4037 981 4088 magna
1000 4036 1060 4073 cum
1079 4015 1253 4069 festinatione
1271 4015 1304 4069 in

218 4087 400 4149 tumulumee
418 4088 528 4158 recepit.
545 4086 674 4158 deinceps
700 4106 763 4141 vero
782 4107 832 4142 euo
850 4091 910 4142 loco
930 4106 1042 4142 manent
1060 4102 1151 4170 neque
1168 4088 1304 4139 Romenoe

220 4157 384 4230 contempnit
408 4173 498 4228 neque
522 4159 552 4212 in
576 4159 765 4228 imperatorem
797 4168 826 4212 et
852 4177 935 4229 genui
956 4157 1154 4212 eiue’convrcia
1171 4165 1305 4227 tanqum

220 4228 416 4282 obscoenitetir
442 4245 506 4281 tuoe
522 4231 633 4300 sagittae
651 4231 723 4282 iecit.
764 4229 878 4283 Macedo
897 4239 987 4283 nutem
1006 4235 1113 4296 rogetus
1131 4227 1166 4279 eb
1186 4229 1306 4297 impere-

220 4306 280 4355 core
295 4316 350 4370 quo
368 4298 483 4351 coneilio
500 4317 609 4353 menum
626 4302 734 4370 eeepiue
748 4299 903 4355 ruetulirret
921 4300 999 4371 qumi
1015 4312 1189 4367 percurrente
1207 4296 1307 4351 atur-

220 4369 335 4430 eerium,
355 4386 388 4422 ec
417 4384 501 4421 unum
526 4369 659 4424 duntaxat
675 4373 757 4424 ictum
776 4370 929 4431 intulliset,
956 4368 1009 4427 eibi
1029 4370 1198 4437 propositum
1218 4366 1306 4418 tulere

221 4438 361 4513 respondit
376 4456 432 4495 uno
450 4440 507 4496 ictu
527 4449 555 4495 et
572 4442 691 4513 clipeum
708 4451 737 4497 et
751 4441 905 4496 Armenium
924 4439 1075 4506 δλττατατας
1092 4438 1167 4511 quod
1187 4452 1246 4491 cum
1267 4434 1307 4486 e‹l
