2974 4844
233 482 290 598 76
549 514 723 583 moerin
763 512 997 581 caourtrsn

229 687 306 745 γασι
323 670 394 741 sate
412 668 576 755 λῃστρίσιν
592 667 627 733 αἱ
648 669 933 748 „aonemundus
949 663 1115 748 Ῥωμαίων
1125 664 1239 751 gripes,
1258 666 1315 728 ναι·

230 758 275 839 ἀς
294 756 335 829 ἀν
353 765 553 846 νατεύξαιντο
575 767 604 832 oi
626 768 789 853 διάφοροι.
838 769 869 832 εἰ
887 760 1064 832 desinitis
1085 765 1203 847 στάχυν
1221 761 1313 844 ἴσμεν

229 865 289 928 τού
308 867 510 950 σπείραντος,
538 866 620 931 ἀλλὰ
643 868 699 932 ναί
724 866 781 933 τὸν
805 862 972 949 ἀμήσαντα
994 860 1310 950 πρυσιπαιτιάμεβα·

231 965 286 1028 καί
306 964 337 1029 ει’
355 961 373 1027 ὅ
392 963 576 1050 ἐμπρησμὸς
597 968 656 1030 τού
676 964 869 1047 ἀνάψαντας,
891 959 971 1028 ἀλλά
980 966 1037 1028 ναί
1046 967 1102 1030 τού
1121 965 1313 1043 κατασβέσαι

231 1063 426 1145 δυναμένου,
449 1067 565 1148 δρᾶσαι
581 1068 617 1130 δέ
635 1088 667 1129 τι
686 1067 828 1129 τοιοῦτον
845 1061 925 1140 ὅλως
937 1062 982 1147 μοὶ
1002 1065 1222 1148 βουληθέντος.
1245 1062 1342 1130 ἀλλ’5

151 1160 290 1240 Ριλρέως
311 1161 383 1227 τότε
404 1165 632 1249 φιλοδημόσιος
656 1161 799 1246 λογιστὴς
825 1164 880 1227 καί
899 1160 999 1236 δεινὸς
1017 1164 1073 1225 καί
1093 1158 1246 1246 φειδωλὸς
1267 1161 1314 1226 σι’·

228 1259 358 1342 κονύμσς
368 1264 425 1325 ναί
442 1264 658 1342 σ’βαλοστατάν
673 1264 813 1343 ἀτεχνῶς
825 1261 1018 1345 ἀασμσλόγσς
1037 1258 1210 1342 ὄἹωύννης
1230 1257 1314 1324 έέεί-

226 1383 338 1442 ννυτο,
366 1362 426 1437 ἕως
449 1360 657 1441 ἀναβαίρετσν
687 1356 753 1443 εἶχε
774 1359 833 1445 τήν
855 1362 1057 1442 δυναστείαν,
1080 1362 1134 1424 καί
1151 1358 1186 1424 sti
1211 1363 1313 1425 ποιεῖν

226 1456 288 1526 ὅσα
309 1459 364 1525 καί
394 1458 472 1546 πρὸς
499 1464 617 1543 βουλῆς
650 1463 880 1543 ἀνεξέλεγκτον,
902 1463 957 1526 καί
973 1455 1034 1525 ύσα
1054 1457 1190 1545 βουλητά
1210 1455 1311 1547 τούτῳ

225 1560 281 1624 καί
300 1557 430 1626 δυνατοί.
454 1558 562 1644 ἐπειδὴ
585 1562 621 1624 ἀὲ
641 1556 918 1642 μεθαρμοζύμενόν
939 1559 967 1623 οὶ
988 1554 1073 1644 έούρα
1093 1559 1129 1625 τύ
1151 1556 1310 1623 δύνασθαι
1324 1583 1361 1625 ιο

225 1659 282 1723 καί
299 1656 334 1724 τύ
359 1659 633 1745 εάπαρρρσάεοτον
653 1657 908 1742 παραιρούμενον
922 1660 977 1724 κατ’
994 1660 1211 1742 ἀπορρέουσαν
1228 1656 1310 1721 sturni

224 1759 331 1844 βραχύ
361 1761 419 1845 τήν
444 1762 559 1842 ἰσχύν,
589 1754 642 1826 οἷα
673 1762 729 1823 κατ’
761 1755 877 1843 ἑτέρων
905 1762 1142 1844 κρατυνομένων
1161 1755 1247 1841 παρά
1266 1760 1314 1846 τῷ

224 1865 354 1939 βασιλεῖ
369 1859 429 1925 κάν
449 1863 508 1924 τού
527 1854 609 1943 ἀγαν
632 1856 841 1945 έκνρουύντων
861 1858 917 1924 καί
934 1861 1181 1942 περιτρεπόντων
1200 1855 1314 1938 ου’τύν,

225 1962 361 2043 μετῆρεν
382 1953 463 2042 ἀπερ
491 1952 530 2044 ἦν
553 1963 685 2040 θέμενος
709 1955 805 2044 ὅρια,
825 1958 882 2023 κατ’
900 1956 1057 2043 δραπέτης
1074 1961 1118 2044 τῷ
1135 1958 1237 2043 καιρῷ
1258 1956 1315 2019 καί

225 2065 292 2133 τοῖς
312 2054 476 2143 πράγμασι
508 2057 684 2146 προσφυείς
713 2059 911 2145 ἀμφοτέραις
938 2055 1058 2122 τούτων
1078 2054 1186 2139 ἔχεταί
1202 2077 1235 2121 τε
1256 2051 1313 2119 καί
1324 2055 1362 2117 ι5

196 2159 414 2240 Βπεριέχεται,
455 2158 569 2224 ούνοῦν
593 2161 648 2224 κατ’
671 2157 752 2242 πρός
773 2181 844 2223 τινα
863 2160 925 2224 των
948 2152 1095 2240 συνήθων
1114 2151 1210 2221 είπιύν
1230 2147 1311 2238 „dyc

223 2257 465 2340 πλουτήσωμεν”
497 2256 637 2340 ἑτεροίας
667 2255 795 2342 γνώμης
819 2254 1018 2322 παντάπασιν
1050 2258 1227 2339 έγεγὲνιγτο,
1254 2252 1313 2319 ναί

221 2363 360 2437 γυναῖκα
380 2358 444 2420 τῶν
469 2356 715 2442 ἀπερριμμένων
735 2358 791 2421 καί
810 2350 1033 2440 ἀπηνθεγιυιῶν
1051 2353 1187 2436 εύγενιύν
1208 2347 1311 2435 ἀρμσ-

222 2451 371 2535 σύριινος,
394 2459 449 2521 ναί
471 2456 594 2521 παίδων
613 2448 752 2532 εἰσιούσας
767 2450 887 2539 πατήρ,
911 2456 1046 2535 διένειμε
1068 2449 1193 2526 τούτοις
1213 2450 1311 2513 πλού-

223 2575 278 2617 τσν
295 2550 405 2635 βαθύν
423 2556 478 2619 καί
498 2548 631 2638 ἀρκετὸν
662 2557 708 2633 εἰς
728 2549 854 2639 ἧδονάς.
897 2551 1004 2634 κίμβιξ
1024 2553 1059 2616 δέ
1081 2545 1126 2614 ἀν
1145 2552 1190 2623 εἰς
1211 2543 1362 2631 ύνροναα

223 2654 278 2716 ναί
301 2651 423 2738 γνίρων
451 2652 507 2718 καὶ
532 2650 777 2737 δυσγρίπιστος,
806 2651 875 2716 οὐδ’
900 2644 965 2716 ἀνω
994 2643 1072 2734 ἀραι
1101 2647 1140 2714 τύ
1160 2651 1310 2734 βλέφαρα

223 2750 432 2836 πειριύμενσς,
453 2755 632 2836 ἀναβλέψω
651 2754 708 2817 καί
729 2754 776 2828 εἰς
796 2750 945 2834 πτωχούς
968 2750 1124 2831 ἀτενίσαι,
1147 2748 1184 2812 σύ
1204 2749 1310 2833 παρῆ-

295 2934 318 2971 ι.
336 2920 569 2993 παραθαλιίττται
586 2926 615 2974 Α.
706 2926 730 2977 3.
749 2918 926 2995 ιῐμνίσαντοι]Δ
938 2918 1065 2991 ύμσέόῐα
1093 2917 1309 2988 '‘dwmfffitff'

291 2991 382 3119 tte
395 2993 907 3135 ,metttttt‘tettr‘
925 2986 1310 3132 Beftttstatttr;

292 3133 342 3182 eet
360 3135 592 3203 περιτρεπόντων
609 3133 700 3188 αὐτὸν
717 3138 766 3199 τῆς
783 3134 947 3204 προθέσεως
968 3134 998 3183 Α.

223 3272 332 3325 easions
356 3290 431 3326 mare
459 3283 571 3328 teneant
598 3277 797 3328 stvmsrisimas
822 3273 978 3343 provinciae
1001 3270 1151 3323 latrociniis
1168 3275 1312 3325 vexentur.

224 3342 323 3413 quodsi
342 3345 444 3412 epicam
466 3347 491 3397 ei
515 3347 562 3415 qui
581 3348 650 3399 sevit
674 3353 811 3416 acceptam
831 3344 957 3403 ferimus,
979 3350 1084 3393 etcum
1103 3357 1212 3411 quoque
1229 3357 1311 3393 sccu-

223 3430 313 3467 samns
333 3414 380 3482 qui
408 3432 463 3467 non
481 3418 612 3480 resecuit,
639 3433 690 3468 nec
711 3414 868 3469 incendium
895 3414 921 3464 ei
941 3412 1074 3464 ‹irsntnxet
1091 3414 1240 3481 imputatur
1259 3412 1312 3481 qni

223 3484 314 3552 ignem
333 3485 445 3549 iniecit,
463 3486 513 3538 sed
530 3488 555 3538 ei
574 3489 655 3539 etiam
674 3489 722 3557 qui
741 3487 770 3538 id
789 3486 956 3553 restinguere
977 3502 1037 3535 cum
1051 3493 1143 3554 posset
1160 3483 1259 3543 noluit,
1281 3488 1312 3534 ee

223 3556 307 3622 magis
332 3554 556 3625 reprebendimus
587 3576 648 3613 eum
673 3560 720 3628 qui
741 3556 816 3628 quod
843 3558 946 3608 bonum
971 3571 1029 3605 esse
1055 3564 1135 3607 norat
1153 3570 1209 3604 non
1227 3552 1311 3614 fecit,

225 3626 292 3694 qnid
316 3633 357 3676 est
384 3626 550 3680 dicendum?
592 3629 727 3682 lohannes
758 3630 841 3697 igitur
865 3626 931 3677 dsrm
957 3626 1060 3694 integra
1078 3624 1240 3676 auctoritste
1257 3637 1313 3690 pro

225 3711 273 3747 sua
295 3696 414 3750 libidine
432 3699 558 3751 versabat
577 3702 677 3762 omnis,
693 3703 852 3752 venabatur
871 3699 899 3749 in
917 3698 1044 3766 publico,
1061 3702 1202 3747 accuratus
1262 3708 1313 3743 ³0-

224 3773 295 3827 ster,
320 3783 417 3835 pareus
451 3770 637 3840 dispensator,
668 3772 805 3823 feneretur
824 3776 907 3889 atpue
926 3778 1034 3819 exactor
1051 3766 1172 3818 acerbus.
1191 3778 1219 3813 se
1260 3761 1313 3815 ubi

223 3837 377 3905 potentiam
397 3856 472 3892 susrn
491 3842 616 3908 infringi,
636 3844 826 3893 anctoritatem
870 3855 1007 3891 ecrescere
1022 3836 1228 3907 potentiamque
1248 3832 1313 3884 isn-

224 3922 353 3973 guescere
370 3908 458 3975 vidit,
476 3911 550 3981 qnod
570 3911 617 3961 alii
636 3928 747 3982 qnoque
766 3910 840 3980 apud
858 3911 1045 3979 imperatorem
1064 3906 1180 3957 multum
1197 3912 1314 3972 possent

225 3992 258 4027 ae
275 3984 439 4046 potestatem
455 3999 530 4034 suam
548 3980 720 4033 immodicum
738 3990 900 4043 everterent,
918 3979 1057 4032 transistis
1074 3992 1142 4046 qnos
1161 3974 1213 4025 sibi
1229 3990 1314 4043 prae-

224 4046 322 4099 fixerat
346 4049 498 4114 limitibus,
521 4053 638 4122 tempori
663 4053 763 4104 servire
788 4061 817 4104 et
835 4052 918 4104 statui
944 4066 1032 4101 rerum
1050 4064 1079 4099 se
1105 4045 1313 4097 accommodsre

224 4132 274 4185 pro
293 4118 366 4171 virili
385 4121 515 4185 instituit,
534 4133 563 4177 et
579 4122 617 4173 nd
636 4123 772 4192 quendam
790 4123 966 4174 familiarium
986 4134 1111 4181 suornm,
1129 4125 1232 4168 mutata
1248 4116 1314 4185 pls-

224 4202 261 4238 ne
280 4192 434 4255 sententia,
467 4192 537 4246 dixit
560 4210 645 4264 „age,
669 4210 720 4245 nos
738 4210 848 4264 quoqne
866 4191 1054 4245 ditescsmus.”
1071 4188 1207 4258 ductuque
1224 4200 1315 4237 uxore

277 4257 382 4311 abiecta
409 4271 438 4314 et
458 4263 583 4316 obsoleta
609 4263 770 4327 nobilitate,
791 4266 863 4315 inter
883 4262 986 4314 liberos
1003 4278 1037 4313 ex
1054 4275 1087 4311 ea
1105 4266 1245 4327 susceptos
1267 4256 1315 4307 in-

281 4336 319 4380 tes
344 4346 424 4399 opes,
447 4348 518 4402 qrsss
539 4336 726 4405 voluptatibus
751 4333 856 4387 ciendis
884 4332 993 4385 abunde
1027 4339 1134 4393 essent,
1153 4325 1316 4383 «titubate.

281 4414 306 4451 so
337 4402 509 4472 pertissimus
537 4413 565 4459 et
589 4407 793 4472 tenacissimos,
820 4404 869 4477 qui
893 4421 928 4456 ne
953 4402 1128 4474 supercilium
1145 4398 1258 4469 quidem
1275 4395 1316 4450 ⁸⁴2
