3020 4844
261 488 318 591 44
575 511 751 578 urcuaan
789 488 1027 577 cuouumn

260 667 304 752 τῷ
325 666 381 749 τής
413 666 500 747 νίκης
533 657 673 743 περιόντι
699 656 720 742 ή
740 664 778 748 τῇ
796 666 856 729 τοῦ
876 656 1063 745 κασιγνήτου
1086 659 1230 750 ἔπανάδιρ
1252 662 1350 745 ήγιιλ.

262 767 364 829 λιάτο.
407 765 462 826 καί
478 762 513 826 τά
537 759 674 845 ὑπήκοον
693 763 729 825 δὲ
746 761 913 843 κατεκίρνα
932 786 998 837 πως
1011 759 1051 824 τά
1071 758 1208 843 ἐγκώμια
1227 765 1271 847 τῷ
1291 761 1351 825 τοῦ

262 865 418 945 βασιλέως
439 859 537 948 τοάιιρ
557 861 820 944 προμήθοάματι,
842 850 880 922 οὗ
900 854 998 940 μόνον
1016 867 1081 935 τοϊς
1100 858 1200 924 αάτοῦ
1219 861 1352 943 τροπαί-

264 982 312 1035 οις
328 955 599 1040 καλλωπιζόμενον
619 958 675 1022 καί
692 960 773 1025 tior
791 958 857 1043 θεῷ
882 955 1076 1039 χαριστήρια
1096 962 1140 1046 rigi
1161 956 1218 1021 καί
1234 954 1353 1036 πορεά·

263 1083 359 1124 οαντι
380 1051 490 1122 τοῦτον
504 1059 562 1121 καί
579 1052 707 1139 νικητήν
729 1055 940 1136 ἀναοώσαντι,
960 1052 1043 1120 ἀλλά
1064 1057 1119 1120 κατ’
1136 1059 1174 1143 τῇ
1184 1057 1240 1121 τοῦ
1259 1053 1383 1125 ἀδελ-5

237 1159 330 1243 Βφοῦ
352 1159 461 1240 ἀφίξει
481 1151 783 1238 ἕπευφραινόμενον.
1295 1148 1300 1157 ’

348 1253 409 1340 Μή
439 1249 651 1337 πολυωρήοος
677 1254 712 1316 δὲ
732 1254 775 1340 τῷ
795 1251 979 1339 Βυζαντιλρ,
1003 1253 1066 1317 τοῖν
1084 1254 1222 1337 Περσῶν
1243 1255 1355 1335 εἰσβα-

266 1354 387 1421 λόντων
408 1361 474 1428 τοῖς
492 1350 573 1417 κατά
596 1350 735 1434 ποταμὸν
754 1349 810 1415 τὸν
830 1349 1005 1434 Σαγγάριον
1026 1351 1209 1434 ἐπιδρόμοις
1229 1350 1353 1435 τόποις,

265 1451 428 1536 ὑπεριδών
447 1454 595 1541 καχεξίας
616 1450 781 1532 σώματος,
802 1449 847 1525 ὥς
867 1444 951 1532 εἶχεν
971 1448 1161 1535 ἐξώρμησεν,
1181 1447 1257 1516 ὅθεν
1276 1450 1354 1528 τούς

266 1554 436 1633 πολεμίους
462 1549 660 1635 διαθροήσας
685 1553 725 1637 τῇ
752 1551 911 1637 παρουσίρι
937 1550 991 1614 καί
1019 1547 1210 1634 θρεμμάτων
1238 1549 1353 1632 ἀγέλας
1367 1571 1407 1613 ιο

267 1648 385 1727 ἐλάσας
414 1654 626 1717 παντοδαπῶν
662 1651 841 1733 ἐπανῆλθεν
872 1651 918 1725 είς
937 1645 971 1713 τά
995 1646 1175 1715 Λοπάδιον.
1222 1656 1293 1730 μετ’
1313 1647 1354 1713 οδ

269 1749 348 1816 πολι)
371 1752 408 1815 δδ
426 1747 481 1815 καί
497 1753 553 1836 τής
571 1750 824 1833 γυναικωνίτιδος
840 1743 983 1832 ε’·’ξιοίσής
997 1747 1054 1833 τήν
1074 1746 1174 1832 πάλιν,
1195 1746 1250 1824 τάς
1262 1749 1357 1830 Ugu-

126 1898 129 1905 .
184 1860 214 1914 V.
232 1848 330 1934 ιθράς
360 1851 526 1930 ἐδείματο,
553 1847 612 1935 τήν
631 1850 667 1913 ἐκ
695 1850 758 1912 τών
787 1849 945 1927 πολεμίων
974 1850 1151 1932 ἐκεχειρίαν
1179 1850 1224 1924 εἰς
1247 1845 1284 1913 τὸ
1308 1846 1356 1933 μή

269 1948 369 2037 πάντῃ
398 1948 584 2034 ἀξύμφορον
599 1946 769 2028 Ῥωμαίοις
793 1944 956 2023 διατιθείς.
1009 1947 1207 2029 ἐμβραδῦναι
1232 1949 1267 2011 δδ
1289 1954 1356 2023 τοῖς

268 2045 376 2123 τόποις
395 2045 519 2122 τούτοις
540 2041 762 2127 διανοούμενος
780 2041 838 2129 τήν
855 2041 1005 2128 πρασιάν
1023 2046 1235 2129 ἀθροισθῆναι
1253 2043 1411 2109 tasas-15

268 2142 372 2229 τάχει.
423 2142 479 2211 καί
506 2143 525 2231 ή
544 2147 604 2226 μὲν
626 2145 661 2208 ἐκ
680 2142 903 2225 θεσπισμάτων
920 2148 1090 2225 βασιλείων
1108 2141 1274 2227 συνήγετο,
1294 2142 1359 2207 asi·

240 2242 325 2320 ῦτάς
345 2245 381 2308 δὲ
399 2242 479 2313 κατά
501 2246 593 2309 τοῦτο
613 2241 648 2308 τὸ
671 2240 763 2328 ἔργον
784 2241 828 2318 sic
847 2243 995 2309 οὐδέποτε
1015 2253 1080 2321 τοῖς
1099 2250 1359 2329 στρατευομένοις

270 2341 485 2426 ἀσυγγνώμων
510 2339 597 2422 ἔδοξε
626 2340 682 2407 καί
707 2339 811 2426 βαράς
844 2341 901 2407 καί
917 2339 952 2407 τά
973 2346 1065 2409 πλέον
1084 2346 1164 2428 μηδὲ
1183 2346 1285 2429 μέτρα
1304 2346 1359 2409 ἀνι·

269 2441 434 2526 στρατείας
456 2431 569 2528 εἰδώς,
585 2440 629 2519 ὥς
648 2438 734 2525 εἴπερ
752 2436 886 2507 ε’λάθετο
905 2438 929 2527 ἢ
952 2441 1010 2507 οάκ
1020 2440 1180 2533 ἐνενόησεν
1202 2440 1245 2517 ἀς
1267 2464 1359 2525 τρισ·

269 2537 328 2606 σάν
346 2536 414 2616 ἔτος
438 2543 473 2606 ἐν
497 2551 563 2618 τοῖς
591 2535 681 2630 ἕρδοις
708 2542 857 2623 πολέμοις
871 2535 1023 2623 Ῥωμαῖοι
1046 2539 1222 2626 διήνεγκαν.
1261 2537 1296 2606 si
1320 2541 1415 2605 δδνο

269 2636 350 2723 πρὸς
368 2632 526 2725 ἀρρηκτον
545 2641 665 2705 ἐκείνου
677 2637 774 2722 ἔχθος
796 2636 843 2703 ἔτι
859 2643 979 2720 μᾶλλον
991 2641 1128 2724 ἑκμήνου
1147 2633 1187 2724 ήν
1209 2632 1259 2703 ὅτι
1280 2644 1359 2704 πολ-

271 2735 324 2800 λοί
340 2742 405 2802 τών
432 2740 479 2813 εἰς
499 2741 622 2821 Συρίαν
654 2735 898 2819 συναναβάντων
917 2738 1023 2826 ἐκείνῳ
1045 2745 1243 2823 στρατιωτῶν
1259 2734 1359 2823 μήπω

273 2831 313 2901 τά
334 2832 413 2901 οἴκοι
443 2839 637 2918 βλέψαντες,
674 2834 755 2902 ἀλλά
790 2832 873 2926 νόσιρ
901 2836 1045 2918 σώματος
1071 2836 1128 2903 καί
1153 2833 1266 2904 σπάνει
1294 2839 1361 2902 τών

346 3026 386 3064 ιι.
403 3015 466 3098 ρει*
484 3008 524 3096 οδ
535 3001 623 3099 noti]
641 3009 735 3083 εδράν
755 3011 786 3068 δὲ
805 3015 856 3067 καλ
872 3000 925 3078 τήν
938 3011 1095 3071 δέσποιναν
1106 3015 1216 3074 iactata
1228 3006 1281 3083 τήν
1300 3015 1360 3070 τιδ-

341 3082 389 3136 λιν
406 3084 476 3147 rtae
493 3099 542 3140 τος
561 3082 670 3154 ἀχυρας
687 3084 715 3135 Β.
793 3085 832 3138 15.
850 3082 1136 3154 διασκοιιοδμενοςλ.
1214 3105 1257 3143 ao.
1275 3085 1362 3155 ἐρίοις·

343 3167 396 3203 om.
416 3151 448 3205 A.
517 3168 560 3205 as.
577 3153 734 3226 δρρήτονλ
751 3154 858 3208 omissis
881 3155 994 3211 ἐκείνου
1012 3165 1040 3209 et
1056 3151 1090 3224 ήν
1105 3164 1135 3209 et
1152 3160 1340 3226 οτροιτιατάν.

273 3335 335 3372 eum
356 3333 389 3371 εο
415 3319 563 3387 ingressus,
591 3339 649 3374 non
665 3324 749 3393 magis
778 3325 891 3377 victoria
909 3342 990 3396 quam
1007 3326 1098 3379 fratris
1116 3317 1208 3378 reditu¹
1224 3333 1267 3379 est
1284 3327 1364 3397 gavi-

274 3407 328 3442 sus.
349 3387 454 3441 subditi
472 3407 583 3511 quospoe
610 3392 741 3445 instinctu
769 3395 827 3446 eius
845 3394 940 3447 laudes
962 3396 1213 3462 communicabaut;
1233 3413 1284 3449 nec
1301 3406 1362 3450 tro-

294 3462 350 3513 aeis
370 3460 502 3512 duntaxat
526 3461 728 3530 sonabantur,
746 3470 776 3515 et
800 3463 852 3515 deo
871 3480 1041 3518 successuum
1060 3468 1164 3519 auctori
1181 3468 1279 3538 gratias
1296 3484 1363 3538 age·

273 3478 356 3594 λλιισῑ,
375 3529 579 3583 mustitanis
598 3533 657 3585 eius
676 3533 795 3584 adventu
815 3535 998 3587 laetabantur.

345 3602 488 3654 Caeterum
508 3618 564 3653 non
582 3601 630 3654 diu
648 3604 769 3671 Byzantii
790 3613 979 3668 commoratus,
995 3624 1055 3657 cum
1073 3607 1168 3660 Persae
1185 3608 1214 3660 in
1234 3604 1365 3677 patentes

276 3688 385 3738 campos
403 3673 480 3724 iuxta
498 3673 657 3740 Sangarium
673 3674 784 3726 fluvium
802 3676 933 3746 impetum
959 3677 1102 3738 fecissent,
1122 3679 1244 3749 quamvis
1263 3695 1365 3749 corpo-

277 3757 307 3792 re
326 3758 420 3811 aeger,
438 3743 530 3795 statim
557 3743 649 3795 exivit.
666 3744 705 3797 ita
723 3744 847 3798 hostibus
870 3764 918 3798 sua
935 3750 1089 3817 praesentia
1107 3751 1208 3802 territis
1227 3757 1256 3800 st
1272 3750 1366 3804 omnis

277 3815 384 3879 generis
412 3814 557 3882 pecoribus
578 3814 696 3880 abactis,
720 3816 871 3885 Lopadium
889 3821 1007 3883 recessit.
1025 3837 1079 3871 non
1097 3820 1183 3889 multo
1200 3828 1281 3889 post,
1299 3838 1365 3875 cum

278 3881 360 3933 etiam
378 3881 572 3949 Gynaeconitis
596 3886 665 3938 iarbe
694 3888 794 3940 exisset
804 3927 813 3953 ,
830 3891 995 3943 munitiones
1016 3891 1192 3953 instauravit,
1210 3890 1267 3941 otio
1285 3892 1367 3961 quoti

278 3968 295 4003 a
314 3950 389 4003 betto
408 3953 525 4008 dabatur
548 3958 577 4007 in
596 3958 636 4008 rei
655 3957 781 4026 publicae
802 3960 972 4013 commodum
993 3978 1130 4013 converso.
1149 3959 1249 4031 quibus
1270 3962 1298 4013 in
1319 3962 1366 4014 io-

278 4021 317 4073 eis
337 4039 397 4073 cum
416 4027 573 4077 commorari
593 4028 740 4092 statuisset,
759 4030 880 4097 legiones
898 4034 1041 4085 convenire
1058 4033 1147 4086 iussit.
1165 4030 1240 4102 quoii
1259 4033 1311 4085 etsi
1327 4049 1366 4085 ex

278 4092 407 4146 mandato
432 4097 490 4149 eius
508 4098 606 4163 tiebat,
629 4108 719 4152 tamen
737 4100 838 4153 milites
864 4102 941 4154 nulia
959 4121 995 4155 un
1017 4119 1077 4154 uam
1099 4119 1127 4153 re
1147 4118 1176 4153 se
1194 4104 1277 4170 magis
1295 4119 1366 4156 one-

280 4172 353 4216 ratos
381 4180 440 4217 esse
466 4167 616 4235 putabant,
641 4168 718 4240 qaiosi
741 4171 946 4239 expeditionum
965 4122 1072 4225 οιιλΙιιια
1089 4172 1171 4224 καίτοι
1186 4173 1296 4225 modum
1314 4187 1368 4227 ant

279 4234 383 4286 oblitus
410 4245 497 4299 esset,
527 4247 646 4292 autnon
674 4248 813 4310 reputaret
832 4245 965 4295 Romanos
982 4243 1093 4295 tertium
1110 4260 1210 4294 anuum
1235 4247 1264 4297 iu
1280 4241 1367 4299 bellis

281 4305 469 4358 Orientalibus
487 4311 692 4379 consumpsisse.
720 4311 791 4363 iltuit
810 4330 874 4365 vero
892 4310 950 4366 eiu's
968 4314 1061 4365 odium
1082 4316 1267 4382 exasperabat,
1287 4311 1367 4381 quod

282 4374 362 4429 multi
379 4376 490 4441 auilites,
511 4380 560 4449 qut
578 4397 641 4435 eum
658 4381 688 4435 in
705 4381 809 4450 Syriam
826 4384 913 4438 secuti
930 4392 1016 4447 eraut,
1032 4400 1062 4437 re
1082 4380 1230 4440 <lomosaco
1241 4382 1368 4442 nondum
