3020 4844
200 518 228 583 Χ
586 518 697 581 HlER.
729 515 884 583 WOLFll

201 670 300 734 initiis
318 668 358 733 sd
378 681 472 733 metus
485 668 596 732 ordine
616 670 846 755 progrediendo,
858 670 961 733 statim
973 668 1004 731 in
1018 681 1161 755 promptu
1174 670 1287 737 babent

201 769 341 855 qusead
361 790 429 832 rem
451 769 633 853 pertineant.
657 768 701 831 illi
722 769 840 846 multa,
860 769 894 833 bi
912 766 1057 854 pleraque
1083 770 1164 834 scitu
1194 772 1287 857 digna

201 881 324 935 tenent:
347 866 392 932 illi
416 868 587 952 fragmenta
601 867 750 952 quaedam
763 880 795 934 ct
812 868 900 954 quasi
913 867 1039 932 disiecta
1056 870 1196 935 membra
1206 893 1287 936 con.

202 979 384 1049 metantur,
405 964 599 1031 bi'solidum
622 966 777 1052 quoddam
805 979 837 1031 et
862 967 923 1031 suis
948 969 1083 1033 numeris
1115 969 1288 1038 absolutum

200 1069 352 1133 humanus
372 1068 557 1152 cognitionis
577 1088 690 1150 corpus
709 1067 962 1151 complectuntur.
982 1087 1059 1151 quus
1087 1068 1129 1132 ob
1152 1091 1202 1135 res
1227 1093 1285 1160 ego

201 1168 365 1253 perbeatos
384 1187 437 1231 cos
458 1186 523 1230 esso
543 1165 661 1245 iudico,
681 1166 793 1249 quibus
811 1176 843 1229 et
863 1187 899 1229 ea
923 1166 1066 1229 voluntas
1095 1172 1226 1256 contigit
1252 1183 1289 1237 ut

202 1271 349 1352 cupiant,
369 1275 403 1328 ct
423 1286 477 1329 ese
498 1264 660 1328 facultates
679 1276 848 1350 suppetunt
867 1274 904 1327 nt
924 1267 1061 1348 possint,
1086 1269 1163 1331 citra
1190 1273 1288 1355 impe

200 1367 392 1446 dimentum,
412 1364 452 1427 ab
465 1367 590 1428 ineunte
610 1373 710 1427 aetate
729 1364 883 1449 usquead
904 1364 937 1427 id
956 1378 1075 1450 tempus
1090 1367 1173 1452 quod
1194 1372 1290 1437 rebus

201 1466 342 1553 gerendis
363 1474 471 1550 aptum
490 1474 552 1544 cst,
576 1464 809 1551 philosophari,
832 1474 948 1528 actum
970 1465 1093 1530 demum
1113 1471 1223 1554 egendi
1242 1492 1293 1536 so-

202 1564 325 1631 lertiam
351 1584 424 1630 cum
443 1566 585 1631 veritatis
610 1564 865 1649 contemplatione
892 1567 1095 1652 coniungere,
1126 1570 1236 1633 animis
1257 1573 1290 1635 in

203 1663 304 1729 coelos
323 1672 355 1728 et
370 1665 470 1749 ipsum
492 1665 602 1748 deum,
624 1664 808 1750 corporibus
828 1664 1028 1754 inhumanae
1046 1666 1198 1733 societatis
1215 1691 1290 1733 con·

201 1766 407 1830 mationem
429 1767 566 1828 intentis.
595 1763 672 1828 baec
690 1764 766 1829 mibi
798 1767 863 1830 uita
894 1787 967 1831 vere
989 1767 1123 1830 bumana
1138 1779 1169 1832 et
1188 1772 1290 1854 potius

202 1861 308 1928 dirius
324 1885 447 1949 semper
467 1865 533 1929 visa
556 1873 613 1946 est,
637 1875 668 1928 et
687 1866 830 1930 omnibus
841 1866 880 1929 iis
892 1865 1100 1952 voluptatibus
1120 1889 1200 1954 quaa
1219 1890 1290 1933 cnm

202 1960 304 2027 haus
325 1964 532 2028 minantibus
550 1964 614 2026 iere
633 1986 813 2028 communes
832 1976 904 2029 sunt
928 1966 1138 2049 praeferenda.
1170 1969 1204 2030 in
1229 1989 1292 2052 quo

203 2064 344 2130 mutui
365 2064 441 2127 mihi
471 2073 560 2128 etex
581 2062 680 2126 doctis
710 2058 743 2126 et
770 2085 805 2125 ex
837 2064 967 2127 indoctis
988 2066 1138 2148 optimum
1160 2074 1192 2127 et
1215 2088 1292 2150 pru·

206 2160 423 2227 dentissimnm
443 2183 618 2248 quemque,
639 2165 702 2224 imo
720 2183 770 2226 me
789 2165 890 2247 potius
911 2186 983 2227 cum
999 2164 1124 2227 illorum
1134 2166 1294 2228 sententiis

206 2281 383 2346 congruere,
405 2270 535 2326 constat.
562 2283 620 2327 neo
639 2261 741 2325 Tuum
765 2262 824 2326 bac
842 2263 874 2326 in
895 2285 955 2347 re,
977 2275 1014 2328 ut
1033 2275 1064 2328 et
1091 2265 1291 2347 incaeteris,

206 2359 401 2446 praeclarum
422 2360 587 2443 indicium,
607 2361 690 2447 quod
707 2372 740 2427 et
759 2374 823 2427 tota
836 2365 1028 2428 Fuuosuaua
1048 2362 1163 2427 familia
1179 2384 1292 2450 magno

208 2481 358 2527 consensu
378 2463 517 2547 seqnitur
538 2473 569 2526 et
590 2462 710 2527 cordati
736 2484 841 2526 omnes
859 2484 976 2526 summe
997 2462 1151 2548 probant,
1180 2464 1293 2527 obscu-

206 2581 278 2626 rum
299 2573 365 2643 αις
385 2564 439 2648 qui
459 2561 537 2627 filios
554 2564 638 2627 Tuos
657 2565 849 2647 ingeniorum
863 2575 893 2626 et
906 2584 1072 2649 corporum
1084 2565 1190 2649 vigore
1202 2585 1292 2649 prae·

207 2673 322 2741 stantes
342 2662 383 2726 ab
403 2664 475 2746 ipsis
493 2683 594 2748 prope
616 2662 774 2726 cunabulis
799 2665 955 2748 usquead
980 2667 1147 2729 inventutis
1168 2668 1292 2729 initium

206 2784 226 2828 ι
244 2761 428 2825 doctissimis
440 2760 703 2847 praeceptoribus,
725 2762 758 2825 in
778 2763 985 2829 celeberrimis
1005 2767 1290 2852 quibusqueEuro·

207 2882 265 2945 pac
286 2860 474 2948 gymnasiis,
504 2882 610 2927 severs
634 2861 792 2948 disciplina
812 2864 1015 2929 moderandos
1045 2867 1293 2951 optimorumque

209 2964 323 3026 artium
344 2973 376 3026 ct
402 2960 577 3048 finguamm
602 2965 777 3049 cognitione
806 2966 989 3031 imbuendos
1020 2970 1147 3032 curaris.
1178 2969 1293 3054 quibus

210 3062 257 3127 illi
277 3064 316 3128 de
336 3065 436 3127 causis
453 3086 486 3129 ss
507 3085 569 3127 non
589 3066 690 3129 minus
700 3067 772 3130 Tibi
792 3067 920 3147 debere,
943 3090 1005 3152 qua
1025 3070 1141 3154 pietate
1160 3089 1198 3132 ac
1216 3090 1291 3153 pru-

211 3165 427 3246 demissum,
447 3164 647 3248 profitentur,
670 3187 763 3250 qnam
782 3168 868 3251 quod
888 3171 983 3232 vitam
1003 3180 1034 3233 et
1054 3171 1292 3252 maximaquao·

209 3285 270 3349 quc
290 3274 469 3327 ornaments
487 3264 570 3329 ielici
590 3266 729 3350 quodum
744 3267 807 3330 sato
827 3268 882 3330 abs
899 3279 930 3332 te
943 3282 1145 3355 acceperunt3
1168 3269 1222 3352 qni
1237 3289 1291 3331 vc·

210 3384 263 3427 rua
283 3385 346 3426 non
365 3373 488 3427 mutum
515 3352 682 3450 corporum
708 3366 763 3430 scd
789 3368 881 3432 etiam
909 3372 1080 3435 animorum
1105 3378 1193 3454 pater
1226 3391 1292 3433 esse

211 3464 356 3545 voluisti,
381 3484 439 3527 nco
458 3466 596 3549 genuisse
616 3476 779 3530 contentas
801 3469 940 3555 utrisque
964 3493 1001 3536 ea
1029 3469 1228 3555 suppeditasti
1258 3472 1292 3534 in

212 3565 324 3649 quibm
344 3563 478 3628 humana
490 3564 627 3630 ‘felicitas
647 3569 795 3632 consistit.
822 3581 858 3633 ut
878 3583 980 3636 autem
1006 3582 1133 3635 terrena
1157 3592 1294 3656 corpora

211 3665 470 3751 masnagium
489 3665 642 3743 alantur,
659 3671 703 3732 sic
723 3667 855 3735 caelestis
875 3683 906 3736 et
924 3672 1047 3737 divinus
1069 3674 1188 3736 animus
1204 3693 1295 3735 suum

211 3775 333 3850 putu·
360 3767 454 3833 hebet
482 3767 696 3834 eruditionem.
727 3793 860 3857 qnams
890 3771 986 3860 vulgi
1002 3773 1090 3851 fece,
1119 3772 1179 3836 hoc
1206 3782 1294 3836 esta

211 3851 389 3951 pessimo'et
407 3867 587 3935 stultissimo
606 3892 751 3956 quoquc,
771 3875 924 3937 contemni
944 3895 981 3937 ac
1004 3871 1137 3936 derideri
1161 3892 1224 3935 non
1248 3883 1295 3936 est

212 3965 402 4044 mirandum,
423 3989 495 4036 cuns
514 3970 603 4057 quod
629 3971 668 4036 de
694 3994 728 4036 re
755 3975 858 4057 ignota
888 3974 984 4037 nihilo
1017 3972 1133 4036 rectius
1158 3981 1293 4036 statuere

212 4079 342 4151 pomum
361 4087 453 4152 qm
471 4091 579 4138 caccus
606 4070 646 4137 ds
673 4073 828 4139 coloribus
856 4077 1075 4158 pronuntiare,
1106 4082 1175 4136 tum
1209 4070 1293 4156 qaod

213 4168 295 4232 vitiis
315 4179 409 4253 atque
429 4170 551 4256 ineptiis
577 4173 816 4240 semidoctomm
837 4174 1031 4262 quorundam
1052 4183 1107 4236 aut
1131 4184 1294 4257 corrupto-

213 4288 283 4332 mm
302 4269 463 4335 bominum
483 4293 551 4336 rem
565 4276 835 4360 praeclarissimam
857 4276 1040 4340 metiuntur.
1063 4295 1136 4337 nam
1155 4273 1296 4360 quidest

214 4367 299 4435 aliud
319 4371 451 4437 eruditio
472 4374 532 4436 nisi
551 4375 769 4460 amplissimum
788 4375 944 4461 quoddam
970 4372 1011 4439 et‘
1029 4373 1296 4441 instructissimum
