3020 4844
299 1401 358 1478 sn
379 1395 646 1463 tracarrrcuu
672 1395 730 1458 ar
750 1394 1183 1480 casaromaniana,

252 1558 310 1648 Ι).
339 1548 748 1650 ANTONIUM
784 1550 1232 1666 FUGGERUM,

234 1742 545 1812 macerarem
570 1742 631 1808 ar
656 1738 1002 1811 warssaunornr
1025 1742 1258 1832 nonnum,

463 1900 611 1953 Caesareae
628 1898 764 1953 Maiestati
783 1914 799 1950 a
821 1898 944 1952 consiliis
968 1906 1019 1953 stc.

306 2040 344 2093 m
364 2038 516 2093 merrae
536 2036 735 2092 rcourrrrrr
756 2035 957 2090 cuorusran
973 2034 1169 2090 ursroausr

264 2183 601 2260 HIERONYMI
628 2181 849 2261 WOLFll
879 2180 1220 2259 PRAEFATIO.

198 2459 360 2550 zvarana
381 2484 506 2561 Tuum,
526 2483 586 2547 Vir
609 2482 805 2567 amplissime,
826 2484 1000 2549 Caorrsrss
1020 2487 1172 2573 sequitur,
1190 2487 1283 2552 bomo

199 2612 252 2653 stra
280 2598 380 2650 aetate
400 2608 462 2649 non
481 2597 599 2648 tantum
612 2587 729 2670 magnis
742 2584 941 2670 dignitatibus
954 2597 1094 2668 ornatus,
1116 2588 1169 2650 sed
1190 2589 1282 2650 etiam

199 2690 319 2774 ingenio
339 2699 370 2750 et
392 2685 551 2772 muttipiici
572 2687 711 2749 doctrina
732 2695 897 2770 praestans,
917 2694 948 2747 et
967 2686 1102 2748 veritatis
1124 2685 1283 2768 historiae,

200 2801 233 2851 ut
257 2789 333 2850 mihi
355 2787 502 2867 videtur,
520 2787 635 2871 ubique
655 2787 825 2859 studiosas,
854 2784 963 2848 ordine
990 2786 1145 2869 aptissimo
1173 2795 1204 2849 et
1234 2784 1282 2849 le-

195 2890 338 2975 ¹ctordrus
359 2887 541 2967 utilissim03
563 2890 614 2970 qui
637 2888 712 2950 ordo
733 2909 804 2949 cum
833 2887 993 2970 sequentia
1026 2885 1063 2949 iis
1090 2906 1168 2970 quas
1193 2897 1283 2951 ante-

200 3011 314 3054 cessere
341 2987 487 3071 adiungat
517 2998 608 3071 atque
638 2997 803 3064 annectat,
835 2987 981 3050 historiae
1014 2987 1170 3071 quoddam
1196 2987 1283 3072 quasi

198 3111 311 3175 eorpus
334 3087 467 3150 absolvit
482 3096 514 3149 et
535 3087 567 3148 ia
588 3108 763 3172 suogsoere
783 3088 921 3151 homines
933 3088 1070 3152 eruditos
1087 3087 1202 3167 reddit,
1221 3087 1281 3150 hoc

197 3201 263 3270 est,
284 3213 302 3252 a
325 3187 418 3273 vulgo
437 3186 613 3250 mortalium
630 3176 800 3273 distinguit.
819 3187 934 3252 muitos
955 3210 1029 3252 sane
1051 3190 1207 3270 invenias,
1225 3189 1279 3271 qui
1395 3240 1398 3245 Δ

198 3294 250 3354 etsi
273 3312 290 3352 a
314 3289 426 3352 litteris
447 3287 556 3368 alieni,
578 3298 678 3351 tamen
705 3291 845 3351 acumine
867 3289 1005 3374 ingenii,
1036 3286 1200 3368 facundia,
1219 3306 1279 3350 nau

198 3413 327 3469 rernm,
347 3388 528 3452 doctissimis
548 3388 640 3469 viris,
663 3390 718 3452 sed
735 3391 784 3452 vei
807 3400 920 3451 natura
946 3388 1135 3451 tardioribus
1164 3385 1213 3448 vel
1244 3391 1277 3450 in

198 3492 359 3554 bominum
380 3490 551 3574 frequentia
570 3492 672 3552 minus
695 3492 841 3570 versatis,
862 3492 918 3552 etsi
946 3510 1070 3551 omnem
1089 3497 1219 3550 aetatem
1244 3488 1277 3550 in

197 3592 381 3674 optimarum
401 3590 515 3653 artium
536 3588 645 3652 madiis
667 3594 852 3668 connivere,
872 3589 1096 3674 praeferantur.
1116 3585 1224 3672 quodsi
1237 3585 1278 3650 ad

197 3692 277 3754 ittam
302 3702 430 3754 naturae
447 3688 624 3753 felicitatem
645 3702 676 3752 et
693 3690 892 3775 multiplicem
915 3689 1126 3773 experientiam
1148 3706 1277 3749 accam.

195 3794 255 3854 tior
277 3801 309 3854 et
332 3790 505 3854 methodica
527 3791 680 3853 institutio
700 3795 885 3865 accessisset,
908 3787 983 3873 qnid
997 3807 1068 3848 cnm
1087 3783 1212 3849 illorum
1225 3808 1277 3850 ex·

197 3892 339 3954 cedentia
360 3891 531 3977 comparari
553 3899 674 3974 possut
697 3915 780 3956 nune
800 3893 944 3956 laudibus
963 3908 1073 3952 eorum
1093 3897 1211 3953 tantum
1224 3889 1280 3955 ds·

198 3993 276 4055 cedit
297 4003 448 4076 qnantum
462 3993 637 4055 accuratior
652 3995 800 4056 institutio
815 3992 873 4054 iliis
887 3988 1060 4054 addidisset.
1081 3992 1278 4076 nequeenim

197 4089 272 4155 salso
293 4092 408 4155 dicitur
428 4103 546 4170 artem,
580 4114 660 4177 quae
691 4104 738 4157 est
770 4095 883 4177 ingenii
918 4090 1012 4154 veluti
1043 4090 1132 4154 rudis
1164 4091 1279 4176 speculi

197 4194 280 4274 quasi
301 4192 450 4277 expolitio
476 4193 646 4279 quaedam,
673 4198 837 4258 certiorem
857 4211 920 4255 esse
940 4190 1051 4253 ducem
1072 4213 1165 4277 quam
1189 4202 1279 4255 natu·

198 4313 285 4362 ram,
307 4303 399 4374 atque
419 4296 509 4356 etiarn
531 4294 716 4358 uberiorem.
738 4314 807 4357 nam
828 4295 881 4376 qui
903 4289 995 4354 nuliis
1014 4292 1193 4355 eruditionis
1219 4294 1276 4356 ad·

198 4389 346 4453 miniculis
366 4403 594 4472 sustentantur,
614 4405 727 4456 temere
752 4393 932 4478 plerumque
961 4392 1103 4455 feruntur
1129 4404 1160 4455 et
1192 4404 1278 4459 extra

197 4489 325 4571 limites,
345 4511 408 4575 quo
427 4493 521 4559 animi
552 4502 652 4556 aestus
680 4495 778 4578 rapit,
809 4502 991 4577 evaganturr
1017 4492 1103 4556 docti
1133 4515 1153 4556 a
1186 4494 1276 4559 certis
